<?xml version="1.0" encoding="UTF-8"?>
<!DOCTYPE html PUBLIC "-//W3C//DTD XHTML 1.0 Transitional//EN"
    "http://www.w3.org/TR/xhtml1/DTD/xhtml1-transitional.dtd">
<html xmlns="http://www.w3.org/1999/xhtml" xml:lang="en" lang="en">
 <head>
  <title>
</title>
<meta http-equiv="Content-Type" content="text/html;charset=utf-8" />
  <meta name='ocr-system' content='tesseract 3.04.00' />
  <meta name='ocr-capabilities' content='ocr_page ocr_carea ocr_par ocr_line ocrx_word'/>
</head>
<body>
  <div class='ocr_page' id='page_1' title='image "./proplancioedited00ciceuoft_0112.png"; bbox 0 0 1846 2996; ppageno 0'>
   <div class='ocr_carea' id='block_1_1' title="bbox 177 180 1675 243">
    <p class='ocr_par' dir='ltr' id='par_1_1' title="bbox 177 180 1675 243">
     <span class='ocr_line' id='line_1_1' title="bbox 177 180 1675 243; baseline 0 -21"><span class='ocrx_word' id='word_1_1' title='bbox 177 186 230 223; x_wconf 85' lang='lat'><strong>24</strong></span> <span class='ocrx_word' id='word_1_2' title='bbox 622 181 680 222; x_wconf 90' lang='grc' dir='ltr'><strong>Μ.</strong></span> <span class='ocrx_word' id='word_1_3' title='bbox 715 180 886 221; x_wconf 89' lang='lat' dir='ltr'><strong>TULLI</strong></span> <span class='ocrx_word' id='word_1_4' title='bbox 917 181 1222 243; x_wconf 83' lang='lat' dir='ltr'>CICERONIS</span> <span class='ocrx_word' id='word_1_5' title='bbox 1587 183 1675 224; x_wconf 73' lang='lat'><strong>§49</strong></span> 
     </span>
    </p>
   </div>
   <div class='ocr_carea' id='block_1_2' title="bbox 176 316 1718 861">
    <p class='ocr_par' dir='ltr' id='par_1_2' title="bbox 176 316 1718 861">
     <span class='ocr_line' id='line_1_2' title="bbox 176 316 1676 378; baseline -0.001 -13"><span class='ocrx_word' id='word_1_6' title='bbox 176 334 318 378; x_wconf 90' lang='lat' dir='ltr'><strong>quam</strong></span> <span class='ocrx_word' id='word_1_7' title='bbox 353 318 515 364; x_wconf 88' lang='lat' dir='ltr'><strong>tulerit</strong></span> <span class='ocrx_word' id='word_1_8' title='bbox 552 317 782 374; x_wconf 81' lang='lat' dir='ltr'>Plancius,</span> <span class='ocrx_word' id='word_1_9' title='bbox 817 320 872 363; x_wconf 89' lang='lat' dir='ltr'><strong>tu</strong></span> <span class='ocrx_word' id='word_1_10' title='bbox 907 317 1151 375; x_wconf 78' lang='lat' dir='ltr'><strong>ostendito,</strong></span> <span class='ocrx_word' id='word_1_11' title='bbox 1191 317 1231 362; x_wconf 91' lang='lat' dir='ltr'><strong>si</strong></span> <span class='ocrx_word' id='word_1_12' title='bbox 1266 317 1450 377; x_wconf 88' lang='lat' dir='ltr'><strong>poteris,</strong></span> <span class='ocrx_word' id='word_1_13' title='bbox 1478 316 1676 364; x_wconf 84' lang='lat' dir='ltr'><strong>vitium:</strong></span> 
     </span>
     <span class='ocr_line' id='line_1_3' title="bbox 177 398 1676 460; baseline -0.001 -13"><span class='ocrx_word' id='word_1_14' title='bbox 177 416 262 460; x_wconf 86' lang='lat' dir='ltr'><strong>ego</strong></span> <span class='ocrx_word' id='word_1_15' title='bbox 300 415 391 460; x_wconf 89' lang='lat' dir='ltr'><strong>qua</strong></span> <span class='ocrx_word' id='word_1_16' title='bbox 426 401 604 446; x_wconf 90' lang='lat' dir='ltr'><strong>ratione</strong></span> <span class='ocrx_word' id='word_1_17' title='bbox 646 399 808 445; x_wconf 89' lang='lat' dir='ltr'><strong>tulerit</strong></span> <span class='ocrx_word' id='word_1_18' title='bbox 849 398 1032 446; x_wconf 82' lang='lat' dir='ltr'>docebo,</span> <span class='ocrx_word' id='word_1_19' title='bbox 1108 399 1271 458; x_wconf 85' lang='lat' dir='ltr'><strong>Neque</strong></span> <span class='ocrx_word' id='word_1_20' title='bbox 1307 399 1395 445; x_wconf 91' lang='lat' dir='ltr'><strong>erit</strong></span> <span class='ocrx_word' id='word_1_21' title='bbox 1435 398 1548 445; x_wconf 88' lang='lat' dir='ltr'><strong>haec</strong></span> <span class='ocrx_word' id='word_1_22' title='bbox 1588 399 1676 445; x_wconf 87' lang='lat' dir='ltr'><strong>alia</strong></span> 
     </span>
     <span class='ocr_line' id='line_1_4' title="bbox 178 481 1675 540; baseline -0.002 -11"><span class='ocrx_word' id='word_1_23' title='bbox 178 484 297 529; x_wconf 89' lang='lat' dir='ltr'><strong>ratio</strong></span> <span class='ocrx_word' id='word_1_24' title='bbox 333 482 522 528; x_wconf 90' lang='lat' dir='ltr'>Plancio</span> <span class='ocrx_word' id='word_1_25' title='bbox 557 496 612 527; x_wconf 91' lang='lat' dir='ltr'><strong>ac</strong></span> <span class='ocrx_word' id='word_1_26' title='bbox 646 482 747 540; x_wconf 91' lang='lat' dir='ltr'><strong>tibi,</strong></span> <span class='ocrx_word' id='word_1_27' title='bbox 777 481 1056 529; x_wconf 76' lang='lat' dir='ltr'><strong>Laterensis.</strong></span> <span class='ocrx_word' id='word_1_28' title='bbox 1129 481 1255 527; x_wconf 91' lang='lat' dir='ltr'><strong>Nam</strong></span> <span class='ocrx_word' id='word_1_29' title='bbox 1282 485 1352 539; x_wconf 93' lang='lat' dir='ltr'><strong>ut,</strong></span> <span class='ocrx_word' id='word_1_30' title='bbox 1378 495 1493 540; x_wconf 84' lang='lat' dir='ltr'><strong>quas</strong></span> <span class='ocrx_word' id='word_1_31' title='bbox 1528 481 1675 526; x_wconf 86' lang='lat' dir='ltr'><strong>tribus</strong></span> 
     </span>
     <span class='ocr_line' id='line_1_5' title="bbox 178 563 1676 624; baseline -0.001 -13"><span class='ocrx_word' id='word_1_32' title='bbox 178 571 232 612; x_wconf 91' lang='lat' dir='ltr'><strong>tu</strong></span> <span class='ocrx_word' id='word_1_33' title='bbox 268 565 433 624; x_wconf 88' lang='lat' dir='ltr'><strong>tulisti,</strong></span> <span class='ocrx_word' id='word_1_34' title='bbox 462 565 502 610; x_wconf 88' lang='lat' dir='ltr'><strong>si</strong></span> <span class='ocrx_word' id='word_1_35' title='bbox 535 565 629 610; x_wconf 91' lang='lat' dir='ltr'><strong>iam</strong></span> <span class='ocrx_word' id='word_1_36' title='bbox 665 579 722 610; x_wconf 88' lang='lat' dir='ltr'><strong>ex</strong></span> <span class='ocrx_word' id='word_1_37' title='bbox 758 568 804 610; x_wconf 91' lang='lat' dir='ltr'><strong>te</strong></span> <span class='ocrx_word' id='word_1_38' title='bbox 840 564 1082 623; x_wconf 88' lang='lat' dir='ltr'><strong>requiram,</strong></span> <span class='ocrx_word' id='word_1_39' title='bbox 1111 564 1269 623; x_wconf 90' lang='lat' dir='ltr'><strong>possis,</strong></span> <span class='ocrx_word' id='word_1_40' title='bbox 1297 578 1493 622; x_wconf 90' lang='lat' dir='ltr'><strong>quorum</strong></span> <span class='ocrx_word' id='word_1_41' title='bbox 1524 563 1676 609; x_wconf 92' lang='lat' dir='ltr'><strong>studio</strong></span> 
     </span>
     <span class='ocr_line' id='line_1_6' title="bbox 179 646 1718 707; baseline -0.002 -13"><span class='ocrx_word' id='word_1_42' title='bbox 179 649 354 707; x_wconf 91' lang='lat' dir='ltr'><strong>tuleris,</strong></span> <span class='ocrx_word' id='word_1_43' title='bbox 399 648 638 707; x_wconf 85' lang='lat' dir='ltr'><strong>explicare,</strong></span> <span class='ocrx_word' id='word_1_44' title='bbox 683 649 748 693; x_wconf 92' lang='lat' dir='ltr'><strong>sic</strong></span> <span class='ocrx_word' id='word_1_45' title='bbox 795 663 878 707; x_wconf 89' lang='lat' dir='ltr'><strong>ego</strong></span> <span class='ocrx_word' id='word_1_46' title='bbox 925 647 1012 694; x_wconf 91' lang='lat' dir='ltr'><strong>hoc</strong></span> <span class='ocrx_word' id='word_1_47' title='bbox 1058 647 1296 706; x_wconf 92' lang='lat' dir='ltr'><strong>contend0,</strong></span> <span class='ocrx_word' id='word_1_48' title='bbox 1343 662 1416 693; x_wconf 91' lang='lat' dir='ltr'><strong>me</strong></span> <span class='ocrx_word' id='word_1_49' title='bbox 1457 646 1545 692; x_wconf 89' lang='lat' dir='ltr'><strong>tibi</strong></span> <span class='ocrx_word' id='word_1_50' title='bbox 1591 647 1718 706; x_wconf 85' lang='lat' dir='ltr'><strong>ipsis</strong></span> 
     </span>
     <span class='ocr_line' id='line_1_7' title="bbox 179 729 1676 789; baseline -0.001 -12"><span class='ocrx_word' id='word_1_51' title='bbox 179 731 455 789; x_wconf 87' lang='lat' dir='ltr'><strong>adversari0‚</strong></span> <span class='ocrx_word' id='word_1_52' title='bbox 517 730 828 788; x_wconf 90' lang='lat' dir='ltr'><strong>cuiuscunque</strong></span> <span class='ocrx_word' id='word_1_53' title='bbox 896 729 1048 776; x_wconf 90' lang='lat' dir='ltr'><strong>tribus</strong></span> <span class='ocrx_word' id='word_1_54' title='bbox 1114 730 1341 776; x_wconf 89' lang='lat' dir='ltr'><strong>rationem</strong></span> <span class='ocrx_word' id='word_1_55' title='bbox 1406 729 1676 789; x_wconf 88' lang='lat' dir='ltr'><strong>poposceris,</strong></span> 
     </span>
     <span class='ocr_line' id='line_1_8' title="bbox 180 813 482 861; baseline 0.007 -2"><span class='ocrx_word' id='word_1_56' title='bbox 180 813 482 861; x_wconf 88' lang='lat' dir='ltr'><strong>redditurum.</strong></span> 
     </span>
    </p>
   </div>
   <div class='ocr_carea' id='block_1_3' title="bbox 180 979 1683 1162">
    <p class='ocr_par' dir='ltr' id='par_1_3' title="bbox 180 979 1683 1162">
     <span class='ocr_line' id='line_1_9' title="bbox 180 979 1683 1032; baseline 0 -13"><span class='ocrx_word' id='word_1_57' title='bbox 180 982 224 1029; x_wconf 62' lang='lat' dir='ltr'><strong>§ss</strong></span> <span class='ocrx_word' id='word_1_58' title='bbox 245 982 388 1020; x_wconf 86' lang='lat'>49—50.</span> <span class='ocrx_word' id='word_1_59' title='bbox 425 981 627 1020; x_wconf 75' lang='lat' dir='ltr'><strong>Plancius</strong></span> <span class='ocrx_word' id='word_1_60' title='bbox 645 993 732 1020; x_wconf 82' lang='lat' dir='ltr'><strong>was</strong></span> <span class='ocrx_word' id='word_1_61' title='bbox 753 981 1005 1032; x_wconf 75' lang='lat' dir='ltr'><strong>practically</strong></span> <span class='ocrx_word' id='word_1_62' title='bbox 1022 981 1165 1020; x_wconf 82' lang='lat' dir='ltr'><strong>elected</strong></span> <span class='ocrx_word' id='word_1_63' title='bbox 1184 981 1247 1020; x_wconf 75' lang='lat' dir='ltr'><strong>the</strong></span> <span class='ocrx_word' id='word_1_64' title='bbox 1275 992 1376 1032; x_wconf 74' lang='lat' dir='ltr'><strong>year</strong></span> <span class='ocrx_word' id='word_1_65' title='bbox 1404 980 1542 1032; x_wconf 86' lang='lat' dir='ltr'><strong>before,</strong></span> <span class='ocrx_word' id='word_1_66' title='bbox 1564 979 1683 1019; x_wconf 75' lang='lat' dir='ltr'><strong>when</strong></span> 
     </span>
     <span class='ocr_line' id='line_1_10' title="bbox 289 1045 1676 1097; baseline 0 -12"><span class='ocrx_word' id='word_1_67' title='bbox 289 1046 352 1085; x_wconf 81' lang='lat' dir='ltr'><strong>the</strong></span> <span class='ocrx_word' id='word_1_68' title='bbox 382 1047 551 1085; x_wconf 83' lang='lat' dir='ltr'><strong>comitia</strong></span> <span class='ocrx_word' id='word_1_69' title='bbox 579 1059 680 1085; x_wconf 86' lang='lat' dir='ltr'><strong>were</strong></span> <span class='ocrx_word' id='word_1_70' title='bbox 702 1047 937 1097; x_wconf 76' lang='lat' dir='ltr'><strong>postponeol.</strong></span> <span class='ocrx_word' id='word_1_71' title='bbox 1003 1045 1180 1097; x_wconf 77' lang='lat' dir='ltr'><strong>Bribery</strong></span> <span class='ocrx_word' id='word_1_72' title='bbox 1198 1046 1293 1085; x_wconf 76' lang='lat' dir='ltr'><strong>then</strong></span> <span class='ocrx_word' id='word_1_73' title='bbox 1321 1058 1408 1085; x_wconf 76' lang='lat' dir='ltr'><strong>was</strong></span> <span class='ocrx_word' id='word_1_74' title='bbox 1434 1045 1676 1096; x_wconf 77' lang='lat' dir='ltr'><strong>impossible,</strong></span> 
     </span>
     <span class='ocr_line' id='line_1_11' title="bbox 289 1111 1332 1162; baseline 0 -12"><span class='ocrx_word' id='word_1_75' title='bbox 289 1113 424 1162; x_wconf 76' lang='lat' dir='ltr'><strong>owinq</strong></span> <span class='ocrx_word' id='word_1_76' title='bbox 444 1115 481 1150; x_wconf 88' lang='lat' dir='ltr'><strong>to</strong></span> <span class='ocrx_word' id='word_1_77' title='bbox 500 1112 563 1151; x_wconf 76' lang='lat' dir='ltr'><strong>the</strong></span> <span class='ocrx_word' id='word_1_78' title='bbox 582 1111 693 1150; x_wconf 81' lang='lat' dir='ltr'><strong>short</strong></span> <span class='ocrx_word' id='word_1_79' title='bbox 712 1112 839 1151; x_wconf 75' lang='lat' dir='ltr'><strong>notice</strong></span> <span class='ocrx_word' id='word_1_80' title='bbox 857 1113 977 1162; x_wconf 71' lang='lat' dir='ltr'><strong>yiven</strong></span> <span class='ocrx_word' id='word_1_81' title='bbox 996 1112 1044 1162; x_wconf 86' lang='lat' dir='ltr'><strong>of</strong></span> <span class='ocrx_word' id='word_1_82' title='bbox 1056 1111 1120 1150; x_wconf 74' lang='lat' dir='ltr'><strong>the</strong></span> <span class='ocrx_word' id='word_1_83' title='bbox 1140 1111 1332 1151; x_wconf 75' lang='lat' dir='ltr'><strong>electioris.</strong></span> 
     </span>
    </p>
   </div>
   <div class='ocr_carea' id='block_1_4' title="bbox 98 1217 1814 2761">
    <p class='ocr_par' dir='ltr' id='par_1_4' title="bbox 98 1217 1815 2514">
     <span class='ocr_line' id='line_1_12' title="bbox 98 1217 1684 1276; baseline -0.001 -12"><span class='ocrx_word' id='word_1_84' title='bbox 98 1223 157 1270; x_wconf 85' lang='lat'><strong>49</strong></span> <span class='ocrx_word' id='word_1_85' title='bbox 266 1217 374 1265; x_wconf 90' lang='lat' dir='ltr'><strong>XX.</strong></span> <span class='ocrx_word' id='word_1_86' title='bbox 418 1217 509 1264; x_wconf 85' lang='lat' dir='ltr'><strong>Sed</strong></span> <span class='ocrx_word' id='word_1_87' title='bbox 545 1233 625 1263; x_wconf 93' lang='lat' dir='ltr'><strong>cur</strong></span> <span class='ocrx_word' id='word_1_88' title='bbox 653 1218 719 1263; x_wconf 89' lang='lat' dir='ltr'><strong>sic</strong></span> <span class='ocrx_word' id='word_1_89' title='bbox 749 1217 868 1276; x_wconf 68' lang='lat' dir='ltr'><strong>ago?</strong></span> <span class='ocrx_word' id='word_1_90' title='bbox 903 1217 1037 1276; x_wconf 85' lang='lat' dir='ltr'><strong>quasi</strong></span> <span class='ocrx_word' id='word_1_91' title='bbox 1068 1232 1160 1263; x_wconf 91' lang='lat' dir='ltr'><strong>non</strong></span> <span class='ocrx_word' id='word_1_92' title='bbox 1196 1217 1394 1263; x_wconf 90' lang='lat' dir='ltr'><strong>comitiis</strong></span> <span class='ocrx_word' id='word_1_93' title='bbox 1425 1217 1518 1263; x_wconf 88' lang='lat' dir='ltr'><strong>iam</strong></span> <span class='ocrx_word' id='word_1_94' title='bbox 1553 1231 1684 1276; x_wconf 91' lang='lat' dir='ltr'><strong>supe-</strong></span> 
     </span>
     <span class='ocr_line' id='line_1_13' title="bbox 182 1299 1686 1360; baseline -0.001 -14"><span class='ocrx_word' id='word_1_95' title='bbox 182 1300 380 1347; x_wconf 92' lang='lat' dir='ltr'><strong>rioribus</strong></span> <span class='ocrx_word' id='word_1_96' title='bbox 424 1301 486 1346; x_wconf 90' lang='lat' dir='ltr'><strong>sit</strong></span> <span class='ocrx_word' id='word_1_97' title='bbox 529 1300 749 1346; x_wconf 89' lang='lat' dir='ltr'><strong>Plancius</strong></span> <span class='ocrx_word' id='word_1_98' title='bbox 787 1299 1056 1360; x_wconf 89' lang='lat' dir='ltr'><strong>designatus</strong></span> <span class='ocrx_word' id='word_1_99' title='bbox 1103 1299 1297 1347; x_wconf 90' lang='lat' dir='ltr'><strong>aedilis:</strong></span> <span class='ocrx_word' id='word_1_100' title='bbox 1345 1314 1462 1359; x_wconf 90' lang='lat' dir='ltr'><strong>quae</strong></span> <span class='ocrx_word' id='word_1_101' title='bbox 1497 1299 1686 1355; x_wconf 88' lang='lat' dir='ltr'><strong>comitia</strong></span> 
     </span>
     <span class='ocr_line' id='line_1_14' title="bbox 182 1381 1749 1442; baseline 0.001 -15"><span class='ocrx_word' id='word_1_102' title='bbox 182 1382 383 1442; x_wconf 90' lang='lat' dir='ltr'><strong>primum</strong></span> <span class='ocrx_word' id='word_1_103' title='bbox 430 1382 599 1429; x_wconf 90' lang='lat' dir='ltr'><strong>habere</strong></span> <span class='ocrx_word' id='word_1_104' title='bbox 646 1382 796 1442; x_wconf 89' lang='lat' dir='ltr'><strong>coepit</strong></span> <span class='ocrx_word' id='word_1_105' title='bbox 843 1381 1002 1428; x_wconf 88' lang='lat' dir='ltr'><strong>consul</strong></span> <span class='ocrx_word' id='word_1_106' title='bbox 1049 1396 1153 1428; x_wconf 92' lang='lat' dir='ltr'><strong>cum</strong></span> <span class='ocrx_word' id='word_1_107' title='bbox 1200 1381 1413 1427; x_wconf 91' lang='lat' dir='ltr'><strong>omnibus</strong></span> <span class='ocrx_word' id='word_1_108' title='bbox 1459 1382 1507 1427; x_wconf 92' lang='lat' dir='ltr'><strong>in</strong></span> <span class='ocrx_word' id='word_1_109' title='bbox 1548 1381 1685 1428; x_wconf 88' lang='lat' dir='ltr'><strong>rebus</strong></span> <span class='ocrx_word' id='word_1_110' title='bbox 1711 1409 1749 1429; x_wconf 93' lang='lat'><strong>10</strong></span> 
     </span>
     <span class='ocr_line' id='line_1_15' title="bbox 182 1465 1685 1526; baseline -0.001 -14"><span class='ocrx_word' id='word_1_111' title='bbox 182 1481 364 1512; x_wconf 91' lang='lat' dir='ltr'><strong>summa</strong></span> <span class='ocrx_word' id='word_1_112' title='bbox 399 1466 677 1512; x_wconf 90' lang='lat' dir='ltr'><strong>auctoritate</strong></span> <span class='ocrx_word' id='word_1_113' title='bbox 713 1469 817 1512; x_wconf 87' lang='lat' dir='ltr'><strong>tum</strong></span> <span class='ocrx_word' id='word_1_114' title='bbox 852 1465 1017 1512; x_wconf 87' lang='lat' dir='ltr'><strong>harum</strong></span> <span class='ocrx_word' id='word_1_115' title='bbox 1053 1466 1258 1526; x_wconf 91' lang='lat' dir='ltr'><strong>ipsarum</strong></span> <span class='ocrx_word' id='word_1_116' title='bbox 1293 1465 1448 1525; x_wconf 89' lang='lat' dir='ltr'><strong>legum</strong></span> <span class='ocrx_word' id='word_1_117' title='bbox 1480 1465 1685 1511; x_wconf 77' lang='lat' dir='ltr'><strong>ambitus</strong></span> 
     </span>
     <span class='ocr_line' id='line_1_16' title="bbox 182 1547 1685 1608; baseline -0.001 -14"><span class='ocrx_word' id='word_1_118' title='bbox 182 1552 374 1595; x_wconf 87' lang='lat' dir='ltr'><strong>auctor:</strong></span> <span class='ocrx_word' id='word_1_119' title='bbox 411 1548 578 1594; x_wconf 91' lang='lat' dir='ltr'><strong>deinde</strong></span> <span class='ocrx_word' id='word_1_120' title='bbox 613 1548 782 1594; x_wconf 89' lang='lat' dir='ltr'><strong>habere</strong></span> <span class='ocrx_word' id='word_1_121' title='bbox 819 1548 970 1608; x_wconf 89' lang='lat' dir='ltr'><strong>coepit</strong></span> <span class='ocrx_word' id='word_1_122' title='bbox 1012 1547 1167 1594; x_wconf 91' lang='lat' dir='ltr'><strong>subito</strong></span> <span class='ocrx_word' id='word_1_123' title='bbox 1208 1552 1391 1608; x_wconf 91' lang='lat' dir='ltr'><strong>praeter</strong></span> <span class='ocrx_word' id='word_1_124' title='bbox 1426 1547 1685 1608; x_wconf 91' lang='lat' dir='ltr'><strong>opinionem</strong></span> 
     </span>
     <span class='ocr_line' id='line_1_17' title="bbox 183 1630 1682 1690; baseline -0.001 -13"><span class='ocrx_word' id='word_1_125' title='bbox 183 1632 402 1689; x_wconf 89' lang='lat' dir='ltr'><strong>omnium,</strong></span> <span class='ocrx_word' id='word_1_126' title='bbox 442 1635 509 1688; x_wconf 92' lang='lat' dir='ltr'><strong>ut,</strong></span> <span class='ocrx_word' id='word_1_127' title='bbox 547 1646 604 1677; x_wconf 90' lang='lat' dir='ltr'><strong>ne</strong></span> <span class='ocrx_word' id='word_1_128' title='bbox 643 1631 682 1677; x_wconf 90' lang='lat' dir='ltr'><strong>si</strong></span> <span class='ocrx_word' id='word_1_129' title='bbox 724 1630 973 1690; x_wconf 84' lang='lat' dir='ltr'><strong>cogitasset</strong></span> <span class='ocrx_word' id='word_1_130' title='bbox 1014 1630 1201 1690; x_wconf 88' lang='lat' dir='ltr'><strong>quidem</strong></span> <span class='ocrx_word' id='word_1_131' title='bbox 1241 1630 1399 1690; x_wconf 88' lang='lat' dir='ltr'><strong>largiri</strong></span> <span class='ocrx_word' id='word_1_132' title='bbox 1441 1630 1682 1690; x_wconf 88' lang='lat' dir='ltr'><strong>quispiam,</strong></span> 
     </span>
     <span class='ocr_line' id='line_1_18' title="bbox 183 1701 1684 1773; baseline -0.001 -13"><span class='ocrx_word' id='word_1_133' title='bbox 183 1713 373 1760; x_wconf 89' lang='lat' dir='ltr'><strong>daretur</strong></span> <span class='ocrx_word' id='word_1_134' title='bbox 418 1714 623 1773; x_wconf 91' lang='lat' dir='ltr'><strong>spatium</strong></span> <span class='ocrx_word' id='word_1_135' title='bbox 670 1712 975 1773; x_wconf 88' lang='lat' dir='ltr'><strong>comparandi.</strong></span> <span class='ocrx_word' id='word_1_136' title='bbox 1068 1712 1272 1759; x_wconf 89' lang='lat' dir='ltr'><strong>Vocatae</strong></span> <span class='ocrx_word' id='word_1_137' title='bbox 1323 1701 1489 1772; x_wconf 75' lang='lat' dir='ltr'><strong>tribus,</strong></span> <span class='ocrx_word' id='word_1_138' title='bbox 1536 1712 1684 1758; x_wconf 90' lang='lat' dir='ltr'><strong>latum</strong></span> 
     </span>
     <span class='ocr_line' id='line_1_19' title="bbox 184 1794 1749 1856; baseline -0.001 -14"><span class='ocrx_word' id='word_1_139' title='bbox 184 1796 465 1856; x_wconf 85' lang='lat' dir='ltr'><strong>suffragium,</strong></span> <span class='ocrx_word' id='word_1_140' title='bbox 506 1795 720 1842; x_wconf 88' lang='lat' dir='ltr'><strong>diribitae</strong></span> <span class='ocrx_word' id='word_1_141' title='bbox 761 1794 974 1854; x_wconf 88' lang='lat' dir='ltr'><strong>tabellae,</strong></span> <span class='ocrx_word' id='word_1_142' title='bbox 1013 1795 1332 1842; x_wconf 86' lang='lat' dir='ltr'><strong>renuntiatae:</strong></span> <span class='ocrx_word' id='word_1_143' title='bbox 1375 1794 1509 1854; x_wconf 90' lang='lat' dir='ltr'><strong>longe</strong></span> <span class='ocrx_word' id='word_1_144' title='bbox 1548 1794 1687 1854; x_wconf 91' lang='lat' dir='ltr'><strong>pluri·</strong></span> <span class='ocrx_word' id='word_1_145' title='bbox 1713 1819 1749 1849; x_wconf 86' lang='lat'><strong>15</strong></span> 
     </span>
     <span class='ocr_line' id='line_1_20' title="bbox 184 1863 1807 1936; baseline -0.001 -12"><span class='ocrx_word' id='word_1_146' title='bbox 184 1894 312 1924; x_wconf 92' lang='lat' dir='ltr'><strong>mum</strong></span> <span class='ocrx_word' id='word_1_147' title='bbox 337 1877 486 1924; x_wconf 88' lang='lat' dir='ltr'><strong>valuit</strong></span> <span class='ocrx_word' id='word_1_148' title='bbox 522 1877 771 1936; x_wconf 84' lang='lat' dir='ltr'><strong>Plancius3</strong></span> <span class='ocrx_word' id='word_1_149' title='bbox 806 1877 936 1923; x_wconf 91' lang='lat' dir='ltr'><strong>nulla</strong></span> <span class='ocrx_word' id='word_1_150' title='bbox 969 1877 1230 1936; x_wconf 86' lang='lat' dir='ltr'><strong>largitionis</strong></span> <span class='ocrx_word' id='word_1_151' title='bbox 1254 1892 1337 1923; x_wconf 90' lang='lat' dir='ltr'><strong>nec</strong></span> <span class='ocrx_word' id='word_1_152' title='bbox 1368 1877 1459 1924; x_wconf 89' lang='lat' dir='ltr'><strong>fuit</strong></span> <span class='ocrx_word' id='word_1_153' title='bbox 1483 1892 1566 1923; x_wconf 92' lang='lat' dir='ltr'><strong>nec</strong></span> <span class='ocrx_word' id='word_1_154' title='bbox 1589 1892 1686 1923; x_wconf 94' lang='lat' dir='ltr'><strong>esse</strong></span> <span class='ocrx_word' id='word_1_155' title='bbox 1804 1863 1807 1866; x_wconf 66' lang='lat'><em>‚</em></span> 
     </span>
     <span class='ocr_line' id='line_1_21' title="bbox 184 1958 1688 2020; baseline -0.002 -13"><span class='ocrx_word' id='word_1_156' title='bbox 184 1961 339 2020; x_wconf 87' lang='lat' dir='ltr'><strong>potuit</strong></span> <span class='ocrx_word' id='word_1_157' title='bbox 357 1960 569 2019; x_wconf 84' lang='lat' dir='ltr'><strong>suspicio,</strong></span> <span class='ocrx_word' id='word_1_158' title='bbox 642 1958 750 2005; x_wconf 88' lang='lat' dir='ltr'><strong>Ain&#39;</strong></span> <span class='ocrx_word' id='word_1_159' title='bbox 769 1959 958 2005; x_wconf 89' lang='lat' dir='ltr'><strong>tandem</strong></span> <span class='ocrx_word' id='word_1_160' title='bbox 977 1960 994 2004; x_wconf 71' lang='grc' dir='ltr'><strong>’ἔ</strong></span> <span class='ocrx_word' id='word_1_161' title='bbox 1027 1974 1122 2005; x_wconf 91' lang='lat' dir='ltr'><strong>una</strong></span> <span class='ocrx_word' id='word_1_162' title='bbox 1139 1959 1346 2006; x_wconf 93' lang='lat' dir='ltr'><strong>centuria</strong></span> <span class='ocrx_word' id='word_1_163' title='bbox 1369 1959 1688 2018; x_wconf 86' lang='lat' dir='ltr'><strong>praerogativa</strong></span> 
     </span>
     <span class='ocr_line' id='line_1_22' title="bbox 185 2040 1682 2100; baseline -0.002 -11"><span class='ocrx_word' id='word_1_164' title='bbox 185 2046 372 2089; x_wconf 89' lang='lat' dir='ltr'><strong>tantum</strong></span> <span class='ocrx_word' id='word_1_165' title='bbox 407 2041 548 2088; x_wconf 90' lang='lat' dir='ltr'><strong>habet</strong></span> <span class='ocrx_word' id='word_1_166' title='bbox 583 2041 888 2099; x_wconf 87' lang='lat' dir='ltr'><strong>auctoritatis,</strong></span> <span class='ocrx_word' id='word_1_167' title='bbox 917 2045 972 2087; x_wconf 91' lang='lat' dir='ltr'><strong>ut</strong></span> <span class='ocrx_word' id='word_1_168' title='bbox 996 2056 1130 2087; x_wconf 91' lang='lat' dir='ltr'><strong>nemo</strong></span> <span class='ocrx_word' id='word_1_169' title='bbox 1153 2056 1359 2100; x_wconf 90' lang='lat' dir='ltr'><strong>unquam</strong></span> <span class='ocrx_word' id='word_1_170' title='bbox 1383 2056 1484 2087; x_wconf 90' lang='lat' dir='ltr'><strong>eam</strong></span> <span class='ocrx_word' id='word_1_171' title='bbox 1508 2040 1682 2100; x_wconf 91' lang='lat' dir='ltr'><strong>tulerit,</strong></span> 
     </span>
     <span class='ocr_line' id='line_1_23' title="bbox 185 2122 1814 2188; baseline -0.002 -16"><span class='ocrx_word' id='word_1_172' title='bbox 185 2126 296 2185; x_wconf 92' lang='lat' dir='ltr'><strong>quin</strong></span> <span class='ocrx_word' id='word_1_173' title='bbox 319 2124 614 2171; x_wconf 88' lang='lat' dir='ltr'><strong>renuntiatus</strong></span> <span class='ocrx_word' id='word_1_174' title='bbox 638 2124 702 2169; x_wconf 88' lang='lat' dir='ltr'><strong>sit</strong></span> <span class='ocrx_word' id='word_1_175' title='bbox 725 2127 808 2170; x_wconf 91' lang='lat' dir='ltr'><strong>aut</strong></span> <span class='ocrx_word' id='word_1_176' title='bbox 831 2123 890 2169; x_wconf 92' lang='lat' dir='ltr'><strong>iis</strong></span> <span class='ocrx_word' id='word_1_177' title='bbox 913 2123 1025 2183; x_wconf 91' lang='lat' dir='ltr'><strong>ipsis</strong></span> <span class='ocrx_word' id='word_1_178' title='bbox 1049 2123 1248 2169; x_wconf 89' lang='lat' dir='ltr'><strong>comitiis</strong></span> <span class='ocrx_word' id='word_1_179' title='bbox 1273 2122 1432 2169; x_wconf 88' lang='lat' dir='ltr'><strong>consul</strong></span> <span class='ocrx_word' id='word_1_180' title='bbox 1459 2123 1582 2182; x_wconf 91' lang='lat' dir='ltr'><strong>prior</strong></span> <span class='ocrx_word' id='word_1_181' title='bbox 1605 2126 1688 2169; x_wconf 89' lang='lat' dir='ltr'><strong>aut</strong></span> <span class='ocrx_word' id='word_1_182' title='bbox 1809 2185 1814 2188; x_wconf 17' lang='lat' dir='ltr'><strong>q</strong></span> 
     </span>
     <span class='ocr_line' id='line_1_24' title="bbox 185 2205 1810 2269; baseline -0.001 -14"><span class='ocrx_word' id='word_1_183' title='bbox 185 2213 308 2255; x_wconf 90' lang='lat' dir='ltr'><strong>certe</strong></span> <span class='ocrx_word' id='word_1_184' title='bbox 338 2209 387 2254; x_wconf 92' lang='lat' dir='ltr'><strong>in</strong></span> <span class='ocrx_word' id='word_1_185' title='bbox 422 2207 554 2254; x_wconf 91' lang='lat' dir='ltr'><strong>illum</strong></span> <span class='ocrx_word' id='word_1_186' title='bbox 578 2222 781 2254; x_wconf 85' lang='lat' dir='ltr'><strong>annum:</strong></span> <span class='ocrx_word' id='word_1_187' title='bbox 817 2206 1013 2253; x_wconf 90' lang='lat' dir='ltr'><strong>aedilem</strong></span> <span class='ocrx_word' id='word_1_188' title='bbox 1038 2210 1092 2252; x_wconf 90' lang='lat' dir='ltr'><strong>tu</strong></span> <span class='ocrx_word' id='word_1_189' title='bbox 1125 2205 1366 2252; x_wconf 88' lang='lat' dir='ltr'><strong>Plancium</strong></span> <span class='ocrx_word' id='word_1_190' title='bbox 1390 2205 1566 2252; x_wconf 85' lang='lat' dir='ltr'><strong>factum</strong></span> <span class='ocrx_word' id='word_1_191' title='bbox 1591 2220 1688 2252; x_wconf 91' lang='lat' dir='ltr'><strong>esse</strong></span> <span class='ocrx_word' id='word_1_192' title='bbox 1713 2232 1752 2253; x_wconf 87' lang='lat'><strong>20</strong></span> <span class='ocrx_word' id='word_1_193' title='bbox 1804 2207 1810 2269; x_wconf 29' lang='grc' dir='ltr'>ζ</span> 
     </span>
     <span class='ocr_line' id='line_1_25' title="bbox 185 2287 1689 2349; baseline -0.002 -12"><span class='ocrx_word' id='word_1_194' title='bbox 185 2291 378 2349; x_wconf 87' lang='lat' dir='ltr'><strong>miraris,</strong></span> <span class='ocrx_word' id='word_1_195' title='bbox 418 2291 467 2336; x_wconf 92' lang='lat' dir='ltr'><strong>in</strong></span> <span class='ocrx_word' id='word_1_196' title='bbox 508 2304 599 2349; x_wconf 93' lang='lat' dir='ltr'><strong>quo</strong></span> <span class='ocrx_word' id='word_1_197' title='bbox 639 2304 730 2334; x_wconf 90' lang='lat' dir='ltr'><strong>non</strong></span> <span class='ocrx_word' id='word_1_198' title='bbox 766 2289 931 2348; x_wconf 86' lang='lat' dir='ltr'><strong>exigua</strong></span> <span class='ocrx_word' id='word_1_199' title='bbox 971 2303 1077 2348; x_wconf 89' lang='lat' dir='ltr'><strong>pars</strong></span> <span class='ocrx_word' id='word_1_200' title='bbox 1117 2287 1288 2348; x_wconf 89' lang='lat' dir='ltr'><strong>populi,</strong></span> <span class='ocrx_word' id='word_1_201' title='bbox 1326 2288 1406 2335; x_wconf 92' lang='lat' dir='ltr'><strong>sed</strong></span> <span class='ocrx_word' id='word_1_202' title='bbox 1447 2288 1689 2334; x_wconf 89' lang='lat' dir='ltr'><strong>universus</strong></span> 
     </span>
     <span class='ocr_line' id='line_1_26' title="bbox 185 2369 1687 2434; baseline -0.003 -14"><span class='ocrx_word' id='word_1_203' title='bbox 185 2373 383 2434; x_wconf 90' lang='lat' dir='ltr'><strong>populus</strong></span> <span class='ocrx_word' id='word_1_204' title='bbox 406 2372 700 2419; x_wconf 90' lang='lat' dir='ltr'><strong>voluntatem</strong></span> <span class='ocrx_word' id='word_1_205' title='bbox 725 2386 857 2417; x_wconf 91' lang='lat' dir='ltr'><strong>suam</strong></span> <span class='ocrx_word' id='word_1_206' title='bbox 890 2369 1147 2429; x_wconf 89' lang='lat' dir='ltr'><strong>declararit,</strong></span> <span class='ocrx_word' id='word_1_207' title='bbox 1175 2371 1304 2417; x_wconf 91' lang='lat' dir='ltr'><strong>cuius</strong></span> <span class='ocrx_word' id='word_1_208' title='bbox 1327 2371 1375 2416; x_wconf 90' lang='lat' dir='ltr'><strong>in</strong></span> <span class='ocrx_word' id='word_1_209' title='bbox 1404 2370 1573 2417; x_wconf 90' lang='lat' dir='ltr'><strong>honore</strong></span> <span class='ocrx_word' id='word_1_210' title='bbox 1596 2385 1687 2416; x_wconf 91' lang='lat' dir='ltr'><strong>non</strong></span> 
     </span>
     <span class='ocr_line' id='line_1_27' title="bbox 185 2452 1690 2514; baseline -0.002 -13"><span class='ocrx_word' id='word_1_211' title='bbox 185 2457 323 2502; x_wconf 88' lang='lat' dir='ltr'><strong>unius</strong></span> <span class='ocrx_word' id='word_1_212' title='bbox 359 2455 510 2502; x_wconf 91' lang='lat' dir='ltr'><strong>tribus</strong></span> <span class='ocrx_word' id='word_1_213' title='bbox 544 2469 665 2514; x_wconf 91' lang='lat' dir='ltr'><strong>pars,</strong></span> <span class='ocrx_word' id='word_1_214' title='bbox 694 2453 775 2500; x_wconf 93' lang='lat' dir='ltr'><strong>sed</strong></span> <span class='ocrx_word' id='word_1_215' title='bbox 799 2452 987 2499; x_wconf 86' lang='lat' dir='ltr'><strong>comitia</strong></span> <span class='ocrx_word' id='word_1_216' title='bbox 1009 2456 1111 2498; x_wconf 89' lang='lat' dir='ltr'><strong>tota</strong></span> <span class='ocrx_word' id='word_1_217' title='bbox 1143 2452 1316 2499; x_wconf 90' lang='lat' dir='ltr'><strong>fuerint</strong></span> <span class='ocrx_word' id='word_1_218' title='bbox 1339 2452 1690 2511; x_wconf 71' lang='lat' dir='ltr'><strong>praerogativa?</strong></span> 
     </span>
    </p>

    <p class='ocr_par' dir='ltr' id='par_1_5' title="bbox 104 2533 1825 2761">
     <span class='ocr_line' id='line_1_28' title="bbox 104 2533 1688 2597; baseline -0.004 -11"><span class='ocrx_word' id='word_1_219' title='bbox 104 2542 163 2587; x_wconf 88' lang='grc'><strong>50</strong></span> <span class='ocrx_word' id='word_1_220' title='bbox 188 2537 290 2594; x_wconf 80' lang='lat' dir='ltr'><strong>Quo</strong></span> <span class='ocrx_word' id='word_1_221' title='bbox 326 2537 513 2597; x_wconf 92' lang='lat' dir='ltr'><strong>quidem</strong></span> <span class='ocrx_word' id='word_1_222' title='bbox 548 2540 765 2596; x_wconf 82' lang='lat' dir='ltr'><strong>tempore,</strong></span> <span class='ocrx_word' id='word_1_223' title='bbox 807 2534 1084 2593; x_wconf 87' lang='lat' dir='ltr'><strong>Laterensis,</strong></span> <span class='ocrx_word' id='word_1_224' title='bbox 1123 2534 1162 2580; x_wconf 91' lang='lat' dir='ltr'><strong>si</strong></span> <span class='ocrx_word' id='word_1_225' title='bbox 1197 2534 1246 2580; x_wconf 93' lang='lat' dir='ltr'><strong>id</strong></span> <span class='ocrx_word' id='word_1_226' title='bbox 1283 2534 1430 2581; x_wconf 88' lang='lat' dir='ltr'><strong>facere</strong></span> <span class='ocrx_word' id='word_1_227' title='bbox 1464 2533 1688 2581; x_wconf 89' lang='lat' dir='ltr'><strong>voluisses</strong></span> 
     </span>
     <span class='ocr_line' id='line_1_29' title="bbox 186 2615 1750 2677; baseline 0.001 -12"><span class='ocrx_word' id='word_1_228' title='bbox 186 2623 269 2665; x_wconf 91' lang='lat' dir='ltr'><strong>aut</strong></span> <span class='ocrx_word' id='word_1_229' title='bbox 304 2619 344 2664; x_wconf 92' lang='lat' dir='ltr'><strong>si</strong></span> <span class='ocrx_word' id='word_1_230' title='bbox 378 2618 625 2677; x_wconf 88' lang='lat' dir='ltr'><strong>gravitatis</strong></span> <span class='ocrx_word' id='word_1_231' title='bbox 661 2631 758 2663; x_wconf 90' lang='lat' dir='ltr'><strong>esse</strong></span> <span class='ocrx_word' id='word_1_232' title='bbox 792 2619 1004 2676; x_wconf 91' lang='lat' dir='ltr'><strong>putasses</strong></span> <span class='ocrx_word' id='word_1_233' title='bbox 1031 2619 1155 2674; x_wconf 89' lang='lat' dir='ltr'><strong>tuae,</strong></span> <span class='ocrx_word' id='word_1_234' title='bbox 1182 2615 1304 2674; x_wconf 92' lang='lat' dir='ltr'><strong>quod</strong></span> <span class='ocrx_word' id='word_1_235' title='bbox 1340 2615 1478 2662; x_wconf 91' lang='lat' dir='ltr'><strong>multi</strong></span> <span class='ocrx_word' id='word_1_236' title='bbox 1513 2615 1688 2662; x_wconf 89' lang='lat' dir='ltr'><strong>nobiles</strong></span> <span class='ocrx_word' id='word_1_237' title='bbox 1711 2635 1750 2666; x_wconf 82' lang='lat'><strong>25</strong></span> 
     </span>
     <span class='ocr_line' id='line_1_30' title="bbox 186 2698 1685 2761; baseline -0.003 -13"><span class='ocrx_word' id='word_1_238' title='bbox 186 2716 322 2761; x_wconf 89' lang='lat' dir='ltr'><strong>saepe</strong></span> <span class='ocrx_word' id='word_1_239' title='bbox 345 2702 565 2759; x_wconf 87' lang='lat' dir='ltr'><strong>fecerunt,</strong></span> <span class='ocrx_word' id='word_1_240' title='bbox 594 2704 660 2759; x_wconf 88' lang='lat' dir='ltr'><strong>ut,</strong></span> <span class='ocrx_word' id='word_1_241' title='bbox 689 2715 795 2746; x_wconf 91' lang='lat' dir='ltr'><strong>cum</strong></span> <span class='ocrx_word' id='word_1_242' title='bbox 819 2699 973 2745; x_wconf 89' lang='lat' dir='ltr'><strong>minus</strong></span> <span class='ocrx_word' id='word_1_243' title='bbox 997 2698 1251 2745; x_wconf 86' lang='lat' dir='ltr'><strong>valuissent</strong></span> <span class='ocrx_word' id='word_1_244' title='bbox 1283 2698 1512 2759; x_wconf 86' lang='lat' dir='ltr'><strong>suffragiis</strong></span> <span class='ocrx_word' id='word_1_245' title='bbox 1548 2714 1685 2758; x_wconf 89' lang='lat' dir='ltr'><strong>quam</strong></span> 
     </span>
    </p>
   </div>
   <div class='ocr_carea' id='block_1_5' title="bbox 1795 0 1846 2996">
    <p class='ocr_par' dir='ltr' id='par_1_6' title="bbox 1795 0 1846 2996">
     <span class='ocr_line' id='line_1_31' title="bbox 1795 0 1846 2996; baseline 0 0"><span class='ocrx_word' id='word_1_246' title='bbox 1795 0 1846 2996; x_wconf 95' lang='lat' dir='ltr'><strong> </strong></span> 
     </span>
    </p>
   </div>
  </div>
 </body>
</html>
