1846 2996
119 179 138 218 ἓ
161 177 208 215 10
499 171 605 212 PRO
636 171 726 213 GN.
762 170 1012 211 PLANCIO
1043 169 1256 210 ORATIO
1597 171 1620 209 5

118 308 242 354 latur
277 321 304 352 a
339 305 482 365 vobis,
523 308 576 351 ut
618 305 714 351 eius
756 304 910 362 exitio,
950 304 1030 363 qui
1072 306 1252 349 creatus
1286 302 1361 359 sit,
1401 301 1622 347 iudicium

118 389 277 450 populi
301 388 498 435 Romani
522 387 878 447 reprehendatis.

205 472 370 531 Itaque
412 471 628 530 quoniam
675 485 766 529 qua
807 468 935 515 nolui
976 470 1115 515 ianua
1155 483 1258 515 sum
1299 467 1533 526 ingressus
1574 467 1622 512 in

118 569 316 612 causam,
345 568 524 613 sperare
549 552 707 599 videor
742 555 929 597 tantum
966 551 1201 597 afuturam
1237 565 1333 597 esse
1369 549 1623 595 orationem

3 676 5 678 .
77 661 95 691 5
118 652 268 684 meam
292 652 319 682 a
343 635 534 681 minima
566 634 822 693 suspicione
854 633 1116 679 offensionis
1148 637 1268 691 tuae,
1298 636 1346 678 te
1381 635 1434 677 ut
1469 632 1624 691 potius

119 719 367 778 obiurgem,
395 718 517 778 quod
541 718 752 777 iniquum
776 717 824 762 in
850 716 1094 762 discrimen
1119 715 1321 761 adducas
1345 714 1623 773 dignitatem

118 806 262 860 tuam,
291 817 428 861 quam
461 805 516 847 ut
551 816 653 847 eam
685 815 768 858 ego
797 798 894 844 ulla
919 797 1198 844 contumelia
1222 812 1355 843 coner
1379 797 1620 856 attingere.

119 883 203 931 IV.
244 884 316 930 Tu
351 883 697 940 continentiam,
726 886 781 928 tu
815 881 1108 937 industriam,
1135 883 1189 926 tu
1221 879 1427 925 animum
1456 879 1504 924 in
1528 893 1621 924 rem
1647 883 1677 928 9

118 965 365 1026 publicam,
415 969 470 1012 tu
515 966 755 1023 virtutem,
798 968 853 1010 tu
899 963 1223 1021 innocentiam,
1274 965 1328 1007 tu
1374 961 1524 1019 fidem,
1570 964 1626 1006 tu

59 1072 98 1095 κο
119 1047 298 1094 labores
335 1052 454 1105 tuos,
480 1047 602 1107 quod
638 1046 800 1093 aedilis
833 1061 924 1091 non
962 1045 1024 1091 sis
1061 1045 1224 1102 factus,
1253 1044 1424 1090 fractos
1457 1058 1554 1090 esse
1578 1046 1626 1089 et

119 1130 322 1177 abiectos
353 1134 400 1176 et
432 1129 696 1189 repudiatos
731 1128 901 1188 putas?
969 1127 1091 1174 Vide
1116 1127 1317 1186 tandem,
1346 1125 1622 1183 Laterensis,

120 1216 345 1272 quantum
372 1226 454 1271 ego
478 1227 506 1258 a
530 1216 578 1258 te
610 1211 894 1258 dissentiam.
969 1209 1031 1269 Si,
1060 1209 1256 1255 me-dius
1292 1209 1442 1267 fidius,
1470 1208 1627 1254 decem

119 1294 206 1340 soli
240 1299 393 1341 essent
429 1295 475 1339 in
513 1294 703 1340 civitate
739 1293 828 1340 viri
867 1292 986 1350 boni,
1022 1293 1265 1351 sapientes,
1294 1292 1420 1350 iusti,
1447 1305 1623 1350 graves,

120 1377 200 1436 qui
236 1381 283 1423 te
318 1376 561 1435 indignum
595 1376 835 1423 aedilitate
871 1375 1216 1432 iudicavissent,
1255 1375 1444 1434 gravius
1485 1374 1541 1420 de
1580 1377 1627 1420 te

60 1479 97 1509 15
120 1458 376 1504 iudicatum
417 1463 643 1517 putarem,
684 1473 824 1518 quam
860 1461 931 1504 est
972 1457 1071 1516 hoc,
1111 1457 1235 1517 quod
1277 1461 1331 1503 tu
1365 1456 1535 1503 metuis
1570 1470 1627 1502 ne

121 1556 149 1586 a
183 1540 351 1600 populo
386 1540 642 1587 iudicatum
679 1555 776 1587 esse
807 1540 1033 1588 videatur.
1127 1540 1236 1586 Non
1271 1540 1394 1586 enim
1429 1539 1628 1585 comitiis

121 1621 295 1669 iudicat
330 1638 509 1682 semper
543 1623 753 1682 populus,
793 1622 872 1669 sed
908 1627 1123 1669 movetur
1156 1622 1427 1682 plerumque
1461 1622 1624 1681 gratia,

122 1704 243 1751 cedit
278 1705 503 1764 precibus,
531 1705 642 1751 facit
679 1721 767 1764 eos,
796 1721 844 1775 a·
859 1705 1029 1764 quibus
1062 1708 1133 1751 est
1164 1705 1365 1750 maxime
1394 1704 1628 1751 ambitus:

121 1786 330 1847 denique,
359 1787 544 1834 etiamsi
578 1787 766 1847 iudicat,
795 1803 887 1834 non
919 1787 1092 1834 dilectu
1117 1787 1272 1847 aliquo
1296 1791 1378 1833 aut
1402 1787 1631 1846 sapientia

61 1892 101 1914 20
123 1868 308 1915 ducitur
365 1869 425 1915 ad
482 1869 795 1928 iudicandum,
846 1870 927 1916 sed
978 1870 1158 1929 impetu
1203 1885 1534 1929 nonnunquam
1581 1873 1629 1916 et

123 1951 323 2011 quadam
358 1952 500 1998 etiam
535 1952 812 2000 temeritate.
887 1952 934 1998 N
938 1967 996 1998 on
1031 1956 1103 1999 est
1144 1953 1267 1998 enim
1303 1952 1546 1998 consilium
1581 1953 1629 1998 in

122 2033 276 2094 vulgo,
299 2049 388 2080 non
408 2035 538 2094 ratio,
559 2050 650 2081 non
675 2035 931 2094 discrimen,
951 2050 1042 2081 non
1062 2035 1332 2094 diligentia:
1362 2050 1630 2095 semperque

123 2116 353 2175 sapientes
389 2132 455 2175 ea,
483 2132 599 2176 quae
635 2118 832 2177 populus
868 2118 1062 2176 fecisset,
1098 2118 1297 2175 ferenda,
1324 2133 1416 2164 non
1451 2132 1631 2177 semper

122 2197 354 2245 laudanda
378 2199 621 2248 duxerunt.
680 2200 831 2257 Quare
851 2215 954 2247 cum
974 2205 1022 2247 te
1041 2200 1237 2247 aedilem
1256 2201 1355 2247 fieri
1374 2201 1629 2260 oportuisse

61 2302 101 2333 25
125 2280 250 2337 dicis,
278 2282 438 2341 populi
463 2282 660 2342 culpam,
683 2298 774 2329 non
801 2283 1115 2342 competitoris
1134 2298 1331 2330 accusas.
1394 2283 1465 2330 Ut
1489 2283 1630 2329 fueris
1655 2286 1712 2331 10

125 2362 305 2422 dignior
330 2379 469 2423 quam
495 2364 838 2412 Plancius—de
858 2381 947 2425 quo
967 2366 1066 2425 ipso
1091 2369 1244 2412 tecum
1269 2366 1337 2411 ita
1355 2365 1630 2412 contendam

125 2445 261 2505 paulo
286 2450 403 2505 post,
432 2450 486 2493 ut
511 2462 776 2494 conservem
805 2448 1081 2507 dignitatem
1107 2448 1388 2494 tuam—sed
1411 2452 1465 2494 ut
1489 2448 1630 2495 fueris

125 2527 316 2587 dignior,
345 2543 436 2574 non
472 2530 760 2588 competitor,
789 2545 816 2575 a
851 2545 941 2589 quo
977 2545 1024 2576 es
1060 2530 1223 2588 victus,
1252 2530 1332 2577 sed
1367 2531 1575 2591 populus,
1604 2547 1631 2577 a

127 2623 217 2668 quo
252 2624 300 2656 es
335 2612 624 2670 praeteritus,
653 2612 701 2658 in
737 2611 872 2672 culpa
903 2615 988 2659 est.
1062 2612 1120 2658 In
1157 2628 1246 2672 quo
1281 2613 1398 2659 illud
1430 2615 1630 2672 primum

65 2711 106 2742 30
127 2690 265 2738 debes
296 2698 472 2751 putare,
502 2694 711 2752 comitiis,
740 2695 1010 2753 praesertim
1035 2694 1269 2752 aediliciis,
1296 2696 1503 2742 studium
1534 2712 1630 2743 esse
