1846 2996
214 210 280 248 28⁷
656 209 715 250 M.
748 209 920 250 TULLI
952 210 1256 252 CICERONIS
1618 216 1638 254 ⁵
1657 213 1708 252 56
1787 254 1789 257 .

213 358 320 389 vero
357 343 527 389 crimen
563 342 619 388 de
654 342 870 401 nummis,
905 357 1019 401 quos
1053 343 1101 389 in
1137 343 1256 389 circo
1291 342 1520 389 Flaminio
1554 343 1710 403 depre-

212 425 380 471 hensos
398 439 495 470 esse
519 425 691 483 dixisti,
714 424 857 471 caluit
875 439 923 470 re
941 426 1126 484 recenti,
1149 440 1270 471 nunc
1293 426 1342 471 in
1360 440 1496 471 661166
1513 425 1706 473 refrixit.

214 508 378 566 Neque
402 507 538 566 enim,
565 507 646 566 qui
680 506 750 552 illi
782 507 961 552 nummi
995 507 1169 554 fuerint
1192 522 1275 553 1166
1306 522 1423 567 quae
1454 507 1605 554 tribus
1626 522 1711 554 nec

213 590 294 649 qui
339 589 524 647 divisor,
574 589 792 637 ostendis.
887 589 1044 649 Atque
1089 590 1130 636 is
1181 589 1367 648 quidem
1413 589 1607 636 eductus
1652 589 1711 635 ad

214 670 433 728 consules,
462 671 541 729 qui
576 674 679 717 tum
712 671 761 717 in
797 671 967 717 crimen
1001 671 1266 730 vocabatur,
1295 686 1343 717 se
1374 672 1531 730 inique
1558 687 1588 717 a
1618 672 1713 717 tuis
1736 690 1754 720 5

213 755 437 800 iactatum
471 754 676 813 graviter
707 753 998 812 querebatur.
1073 753 1163 810 Qui
1186 754 1226 799 si
1249 758 1350 799 erat
1373 753 1557 811 divisor,
1584 768 1712 813 prae-

213 836 375 882 sertim
399 835 510 894 eius,
538 851 673 895 quem
711 839 766 882 tu
799 835 1001 882 habebas
1033 850 1174 894 reum,
1203 850 1284 881 6111
1305 835 1389 894 abs
1420 839 1467 881 te
1495 851 1600 882 reus
1622 851 1713 881 non

214 922 285 964 est
330 918 513 965 factus?
564 933 645 964 cur
683 933 776 964 non
820 918 918 964 61116
965 917 1260 964 damnatione
1300 917 1477 976 aliquid
1523 917 1582 964 ad
1628 917 1715 964 1106

214 1000 437 1046 iudicium
461 1000 729 1060 praeiudicii
753 1000 1061 1059 comparasti?

215 1134 259 1180 ἐξ
279 1132 424 1173 55-57.
459 1131 707 1171 Laterensis'
736 1135 902 1171 reasons
926 1144 998 1170 are
1027 1135 1097 1171 not
1129 1132 1304 1182 qenuine
1315 1148 1331 1178 ;
1362 1133 1473 1172 what
1501 1132 1551 1172 he
1579 1133 1716 1183 really

323 1197 440 1248 hopes
470 1198 508 1236 is
541 1201 579 1236 to
608 1197 731 1236 crnsh
763 1197 966 1236 Plancius
998 1197 1048 1248 by
1075 1197 1143 1236 his
1174 1198 1362 1248 superior
1388 1198 1599 1249 influence,
1630 1198 1717 1236 and

324 1263 443 1301 avail
461 1263 637 1313 himself
647 1263 696 1313 of
709 1262 773 1302 the
790 1263 885 1313 fact
907 1262 997 1301 that
1015 1262 1218 1301 Plancius
1235 1262 1313 1302 has
1330 1275 1462 1313 many
1479 1263 1709 1303 detractor-s.

327 1328 463 1367 Cicero
480 1328 597 1379 hopes
616 1328 704 1367 that
732 1328 796 1367 the
815 1328 925 1378 jury
944 1328 1038 1366 will
1067 1327 1163 1367 bear
1191 1327 1274 1367 this
1301 1328 1351 1367 in
1368 1327 1503 1377 mind,
1527 1328 1615 1367 and
1640 1328 1716 1379 3th

325 1393 389 1433 all
408 1393 589 1432 evidence
609 1392 865 1444 thoronyhly.

303 1481 394 1528 Sed
425 1497 571 1541 neque
604 1485 659 1527 tu
689 1481 802 1528 11666
833 1482 976 1528 habes
1000 1497 1147 1541 neque
1171 1483 1236 1528 eis
1260 1482 1464 1529 confidis.
1537 1481 1646 1527 Alia
1669 1485 1716 1528 te
1742 1501 1782 1522 10

217 1565 349 1623 ratio,
376 1564 468 1610 alia
491 1564 709 1624 cogitatio
740 1564 800 1610 ad
834 1579 962 1624 spem
997 1564 1134 1611 huius
1166 1564 1455 1624 opprimendi
1478 1564 1712 1611 excitavit.

219 1647 417 1706 Magnae
440 1650 550 1693 sunt
584 1647 633 1692 in
665 1650 712 1692 te
745 1662 864 1706 opes,
892 1647 988 1693 late
1022 1650 1155 1706 patet
1185 1646 1366 1706 gratia;
1400 1645 1539 1692 multi
1566 1646 1716 1705 amici,

218 1729 357 1775 multi
390 1729 544 1788 cupidi
575 1730 659 1787 tui,
688 1729 827 1775 multi
858 1729 1062 1775 fautores
1090 1729 1240 1775 laudis
1264 1732 1403 1787 tuae3
1439 1727 1576 1773 multi
1609 1727 1719 1773 huic

219 1811 441 1870 invident,
464 1811 626 1857 multis
645 1812 788 1857 etiam
806 1815 950 1870 pater,
975 1811 1178 1870 optimus
1197 1811 1281 1868 vir,
1303 1810 1498 1855 nimium
1516 1810 1719 1856 retinens

219 1894 442 1953 equestris
477 1894 590 1938 iuris
625 1896 673 1939 61
708 1893 942 1939 libertatis
985 1893 1200 1940 videtur:
1248 1892 1386 1938 multi
1425 1892 1567 1938 etiam
1602 1907 1719 1938 com·
1746 1910 1784 1939 15

220 1991 379 2021 munes
398 1975 573 2021 inimici
590 1990 772 2021 reorum
791 1976 1009 2034 omnium,
1030 1977 1110 2034 qui
1128 1976 1197 2021 ita
1210 1989 1388 2034 semper
1401 1974 1719 2020 testimonium

220 2058 275 2104 de
317 2057 498 2103 ambitu
539 2058 713 2116 dicunt,
754 2057 887 2117 quasi
927 2061 1010 2104 aut
1048 2061 1264 2104 moveant
1305 2057 1481 2102 animos
1516 2056 1720 2101 iudicum

220 2141 315 2186 suis
339 2141 616 2186 testimoniis
641 2144 723 2186 aut
746 2144 931 2200 gratum
965 2140 1133 2200 populo
1162 2139 1370 2185 Romano
1393 2139 1457 2184 sit
1480 2142 1562 2184 aut
1585 2138 1645 2184 ab
1668 2152 1722 2183 eo

220 2222 398 2269 facilius
434 2223 492 2269 ob
528 2238 628 2269 eam
664 2238 849 2269 eausam
887 2223 1162 2282 dignitatem
1197 2237 1337 2281 quam
1371 2221 1537 2267 volunt
1572 2235 1723 2267 conse-

140 2310 198 2354 56
220 2310 434 2364 quantur,
511 2305 796 2362 Quibuscum
822 2320 907 2363 me,
938 2305 1122 2362 iudices,
1151 2307 1435 2363 pugnantem
1466 2319 1591 2349 more
1621 2317 1724 2348 meo
1748 2322 1789 2343 20
1826 2331 1827 2334 =

221 2388 416 2447 pristino
451 2403 542 2433 non
579 2387 827 2446 videbitis3
862 2401 954 2432 non
990 2401 1080 2445 quo
1115 2385 1232 2432 mihi
1267 2386 1338 2432 fas
1372 2386 1436 2431 sit
1469 2385 1723 2444 quidquam

222 2470 448 2529 defugere,
488 2469 610 2528 quod
645 2469 770 2515 salus
812 2468 991 2514 Plancii
1030 2467 1264 2527 postulet:
1313 2467 1394 2513 sed
1435 2467 1544 2526 quia
1578 2481 1725 2525 neque
1803 2491 1826 2515 a

223 2567 402 2597 11666666
428 2556 499 2597 661
524 2566 596 2597 1116
620 2551 667 2596 1(1
692 2550 904 2609 persequi
926 2564 1049 2608 voce,
1077 2550 1199 2608 quod
1223 2564 1306 2596 vos
1329 2553 1485 2595 mente
1510 2548 1720 2607 videatis,

223 2638 269 2679 et
305 2634 427 2692 quod
462 2634 530 2679 ita
564 2633 620 2679 de
652 2647 724 2678 me
753 2632 907 2678 meriti
941 2636 1052 2678 sunt
1087 2631 1159 2677 illi
1193 2632 1296 2691 ipsi,
1325 2646 1440 2690 quos
1472 2646 1556 2690 ego
1580 2634 1724 2676 testes

223 2716 356 2761 video
410 2719 607 2774 paratos,
657 2718 710 2759 ut
766 2729 922 2760 eorum
968 2713 1367 2773 reprehensionem
1413 2727 1495 2758 vos
1541 2716 1721 2758 vestrae
1751 2730 1790 2760 25
1820 2709 1823 2713 “
