1846 2996
219 223 283 261 16·
662 221 718 264 M.
753 221 926 262 TULLI
958 221 1262 263 CICERONIS
1625 228 1644 266 ἕ
1664 226 1711 264 31

218 353 336 399 Iacis
377 353 618 412 adulteria,
663 367 779 412 quae
821 368 968 400 nemo¹
994 368 1085 399 non
1126 354 1263 400 modo
1301 354 1499 413 nomine,
1539 355 1619 402 sed
1659 371 1715 402 ne

217 435 472 494 suspicione
488 435 673 494 quidem
689 435 834 494 possit
850 450 1103 494 agnoscere.
1160 438 1170 458 ‘
1182 436 1458 482 Bimaritum
1469 437 1479 457 '
1496 437 1711 496 appellas,

216 522 270 563 ut
294 517 434 562 verba
459 517 600 562 etiam
633 517 792 576 fingas,
821 533 912 563 non
937 517 1085 563 solum
1110 519 1313 563 crimina.
1387 518 1593 564 Ductum
1619 534 1716 566 esse

217 599 276 644 ab
311 614 363 645 eo
400 599 447 643 in
482 599 764 658 provinciam
799 599 1000 658 aliquem
1036 600 1150 646 dicis
1185 600 1392 646 libidinis
1416 615 1566 659 causa,
1593 602 1717 660 quod

216 696 308 726 non
333 681 502 726 crimen
528 685 611 738 est,
639 681 718 727 sed
753 681 1034 740 impunitum
1066 682 1114 727 in
1142 682 1388 728 maledicto
1411 683 1712 730 mendacium.
1740 703 1758 732 5

219 763 420 822 Raptam
457 778 552 809 esse
587 763 859 823 mimulam3
894 763 1016 822 quod
1058 764 1227 810 dicitur
1267 764 1439 810 Atinae
1480 764 1655 810 factum
1691 780 1719 811 a

217 845 460 891 iuventute
499 849 654 891 vetere
695 845 894 904 quodam
935 846 983 890 in
1024 846 1251 892 scaenicos
1292 847 1389 904 iure
1430 846 1719 906 maximeque

136 924 192 969 31
218 927 459 986 oppidano.
546 927 586 973 O
627 926 988 973 adulescentiam
1029 927 1290 973 traductam
1332 927 1593 987 eleganter!
1646 929 1719 973 cui

218 1009 403 1067 quidem
446 1024 550 1054 cum
597 1009 719 1068 quod
766 1009 947 1055 licuerit
989 1008 1226 1069 obiciatur,
1270 1013 1427 1055 tamen
1474 1010 1522 1055 id
1568 1010 1718 1068 ipsum

219 1090 386 1136 falsum
442 1092 787 1150 reperiatur.—
807 1091 1043 1137 ‘Emissus
1090 1091 1234 1150 aliqui
1280 1106 1304 1137 e
1359 1091 1719 1137 carcere.’—Et
1745 1123 1783 1143 10

218 1173 405 1232 quidem
429 1174 622 1219 emissus
647 1188 727 1232 per
757 1173 1129 1232 imprudentiam,
1159 1173 1364 1231 emissus,
1392 1178 1445 1219 ut
1474 1174 1715 1232 cognostiS,

218 1256 459 1301 necessarii
494 1255 693 1301 hominis
730 1256 982 1314 optimique
1024 1255 1332 1301 adulescentis
1367 1259 1560 1314 rogatu:
1596 1255 1719 1301 idem

218 1341 378 1397 postea
418 1337 760 1397 praemandatis
802 1338 1062 1396 requisitus.
1153 1337 1310 1397 Atque
1351 1338 1462 1384 haec
1501 1352 1585 1383 nec
1623 1337 1721 1383 ulla

219 1419 310 1466 alia
333 1423 443 1465 sunt
468 1421 672 1466 coniecta
703 1419 952 1465 maledicta
986 1421 1034 1465 in
1070 1421 1168 1466 eius
1199 1421 1359 1479 vitam,
1388 1420 1444 1466 de
1477 1420 1606 1466 cuius
1637 1435 1720 1465 vos

218 1501 391 1561 pudore
437 1502 656 1561 religione
702 1502 969 1560 integritate
1015 1502 1250 1548 dubitetis.
1346 1502 1487 1549 XIII.
1554 1502 1722 1548 ‘Pater
1746 1527 1782 1556 15

219 1584 357 1643 vero,'
381 1584 546 1642 inquit,
579 1586 590 1607 ‘
605 1584 747 1630 etiam
772 1584 928 1630 obesse
953 1584 1048 1629 filio
1073 1583 1239 1630 debet.'
1271 1580 1273 1582 ’
1311 1583 1350 1629 Ο
1376 1598 1534 1629 vocem
1558 1583 1720 1629 duram

221 1670 360 1725 atque
395 1665 633 1724 indignam
670 1669 752 1712 tua
786 1666 1030 1725 probitate,
1058 1666 1352 1712 Laterensis!
1423 1665 1564 1711 Pater
1586 1669 1641 1710 ut
1672 1665 1720 1710 in

221 1748 389 1794 iudicio
413 1749 590 1807 capitis,
618 1752 750 1808 pater
773 1753 827 1793 ut
862 1749 910 1793 in
943 1748 1236 1794 dimicatione
1261 1748 1562 1805 fortunarum,
1590 1751 1722 1806 pater

221 1835 276 1877 ut
310 1830 434 1890 apud
469 1830 584 1876 tales
615 1831 738 1876 viros
770 1830 926 1876 obesse
959 1830 1054 1875 filio
1085 1829 1283 1876 debeat?
1317 1830 1397 1888 qui
1420 1830 1460 1874 si
1484 1834 1603 1875 esset
1627 1833 1721 1874 tur-

222 1914 450 1972 pissimus,
502 1914 540 1958 si
587 1912 939 1970 sordidissimus,
990 1916 1147 1958 tamen
1197 1912 1296 1970 ipso
1342 1910 1526 1956 nomine
1571 1910 1722 1969 patrio
1744 1939 1786 1959 20

224 1995 396 2041 valeret
432 1995 554 2054 apud
590 1994 835 2040 clementes
872 1994 1044 2040 iudices
1077 1998 1124 2040 et
1155 1992 1496 2039 misericordes:
1531 1992 1719 2049 valeret,

223 2078 424 2136 inquam,
453 2077 683 2123 communi
716 2092 853 2123 sensu
886 2077 1090 2123 omnium
1121 2080 1169 2122 et
1201 2075 1466 2121 dulcissima
1497 2089 1720 2120 commen-

144 2159 200 2206 32
225 2159 409 2205 datione
445 2163 649 2206 naturae.
738 2159 828 2206 Sed
870 2175 974 2205 cum
1016 2160 1077 2205 sit
1120 2158 1202 2205 Cn.
1242 2157 1459 2203 Plancius
1498 2158 1537 2203 is
1584 2171 1722 2215 eques

226 2242 474 2299 Romanus,
497 2257 550 2287 ea
567 2242 766 2300 primum
783 2245 1017 2287 vetustate
1032 2241 1256 2300 equestris
1271 2240 1481 2296 nominis,
1502 2243 1556 2284 ut
1573 2243 1717 2298 pater,

225 2328 280 2370 ut
314 2339 441 2382 avus,
469 2328 524 2369 ut
558 2325 750 2370 maiores
785 2325 881 2370 eius
915 2338 1070 2369 omnes
1104 2323 1281 2382 equites
1306 2322 1503 2367 Romani
1533 2321 1718 2378 fuerint,
1747 2350 1785 2379 23
1845 2335 1846 2341 ¹

227 2421 457 2452 summum
493 2407 540 2451 in
576 2406 862 2465 praefectura
895 2406 1218 2451 florentissima
1256 2404 1449 2463 gradum
1490 2404 1722 2450 tenuerint

228 2492 275 2534 et
315 2488 558 2546 dignitatis
603 2491 650 2533 et
696 2488 900 2546 gratiae:
947 2486 1109 2532 deinde
1151 2490 1203 2531 ut
1244 2486 1340 2544 ipse
1381 2486 1428 2531 in
1468 2484 1723 2543 legionibus

230 2571 280 2616 P.
311 2570 464 2616 Crassi
498 2570 785 2628 imperatoris
817 2569 937 2614 inter
961 2568 1274 2613 ornatissimos
1298 2567 1517 2624 homines,
1546 2567 1724 2626 equites

231 2652 474 2709 Romanos,
514 2666 692 2697 summo
733 2650 971 2710 splendore
1013 2650 1179 2696 fuerit:
1223 2653 1276 2694 ut
1317 2654 1476 2708 postea
1515 2650 1723 2708 princeps

230 2734 351 2778 inter
382 2748 486 2778 suos
522 2732 820 2791 plurimarum
854 2747 1004 2778 rerum
1036 2732 1350 2778 sanctissimus
1376 2735 1422 2776 et
1446 2730 1724 2776 iustissimus
1749 2755 1788 2785 30
