<?xml version="1.0" encoding="UTF-8"?>
<!DOCTYPE html PUBLIC "-//W3C//DTD XHTML 1.0 Transitional//EN"
    "http://www.w3.org/TR/xhtml1/DTD/xhtml1-transitional.dtd">
<html xmlns="http://www.w3.org/1999/xhtml" xml:lang="en" lang="en">
 <head>
  <title>
</title>
<meta http-equiv="Content-Type" content="text/html;charset=utf-8" />
  <meta name='ocr-system' content='tesseract 3.04.00' />
  <meta name='ocr-capabilities' content='ocr_page ocr_carea ocr_par ocr_line ocrx_word'/>
</head>
<body>
  <div class='ocr_page' id='page_1' title='image "./proplancioedited00ciceuoft/proplancioedited00ciceuoft_0133.png"; bbox 0 0 1846 2996; ppageno 0'>
   <div class='ocr_carea' id='block_1_1' title="bbox 110 146 1609 191">
    <p class='ocr_par' dir='ltr' id='par_1_1' title="bbox 110 146 1609 191">
     <span class='ocr_line' id='line_1_1' title="bbox 110 146 1609 191; baseline -0.001 -1"><span class='ocrx_word' id='word_1_1' title='bbox 110 153 129 191; x_wconf 68' lang='grc' dir='ltr'><strong>ἓ</strong></span> <span class='ocrx_word' id='word_1_2' title='bbox 149 149 200 189; x_wconf 94' lang='grc'>88</span> <span class='ocrx_word' id='word_1_3' title='bbox 482 148 590 190; x_wconf 89' lang='lat' dir='ltr'>PRO</span> <span class='ocrx_word' id='word_1_4' title='bbox 620 147 710 189; x_wconf 83' lang='lat' dir='ltr'>CN.</span> <span class='ocrx_word' id='word_1_5' title='bbox 745 146 993 189; x_wconf 89' lang='lat' dir='ltr'>PLANCIO</span> <span class='ocrx_word' id='word_1_6' title='bbox 1024 146 1235 187; x_wconf 84' lang='lat' dir='ltr'><strong>ORATIO</strong></span> <span class='ocrx_word' id='word_1_7' title='bbox 1559 149 1609 188; x_wconf 90' lang='grc'>45</span> 
     </span>
    </p>
   </div>
   <div class='ocr_carea' id='block_1_2' title="bbox 46 279 1693 2736">
    <p class='ocr_par' dir='ltr' id='par_1_2' title="bbox 46 279 1693 2736">
     <span class='ocr_line' id='line_1_2' title="bbox 109 279 1610 339; baseline -0.002 -11"><span class='ocrx_word' id='word_1_8' title='bbox 109 297 262 328; x_wconf 89' lang='lat' dir='ltr'>secum</span> <span class='ocrx_word' id='word_1_9' title='bbox 289 285 336 327; x_wconf 89' lang='lat' dir='ltr'>et</span> <span class='ocrx_word' id='word_1_10' title='bbox 371 281 476 327; x_wconf 90' lang='lat' dir='ltr'>illos</span> <span class='ocrx_word' id='word_1_11' title='bbox 508 285 555 328; x_wconf 88' lang='lat' dir='ltr'>et</span> <span class='ocrx_word' id='word_1_12' title='bbox 579 280 786 327; x_wconf 88' lang='lat' dir='ltr'>consules</span> <span class='ocrx_word' id='word_1_13' title='bbox 821 280 968 326; x_wconf 87' lang='lat' dir='ltr'>facere</span> <span class='ocrx_word' id='word_1_14' title='bbox 992 279 1282 326; x_wconf 75' lang='lat' dir='ltr'>acerbissime</span> <span class='ocrx_word' id='word_1_15' title='bbox 1306 280 1582 339; x_wconf 72' lang='lat' dir='ltr'>personabat</span> <span class='ocrx_word' id='word_1_16' title='bbox 1595 297 1610 339; x_wconf 79' lang='lat'><em>3</em></span> 
     </span>
     <span class='ocr_line' id='line_1_3' title="bbox 111 362 1610 423; baseline -0.002 -13"><span class='ocrx_word' id='word_1_17' title='bbox 111 367 294 423; x_wconf 79' lang='lat' dir='ltr'>egentes</span> <span class='ocrx_word' id='word_1_18' title='bbox 319 364 368 410; x_wconf 92' lang='lat' dir='ltr'>in</span> <span class='ocrx_word' id='word_1_19' title='bbox 395 363 660 423; x_wconf 79' lang='lat' dir='ltr'>locupletes,</span> <span class='ocrx_word' id='word_1_20' title='bbox 688 362 859 422; x_wconf 90' lang='lat' dir='ltr'>perditi</span> <span class='ocrx_word' id='word_1_21' title='bbox 894 363 943 408; x_wconf 93' lang='lat' dir='ltr'>in</span> <span class='ocrx_word' id='word_1_22' title='bbox 979 362 1135 421; x_wconf 89' lang='lat' dir='ltr'>bonos,</span> <span class='ocrx_word' id='word_1_23' title='bbox 1163 363 1283 409; x_wconf 87' lang='lat' dir='ltr'>servi</span> <span class='ocrx_word' id='word_1_24' title='bbox 1318 363 1366 407; x_wconf 90' lang='lat' dir='ltr'>in</span> <span class='ocrx_word' id='word_1_25' title='bbox 1402 362 1610 408; x_wconf 88' lang='lat' dir='ltr'>dominos</span> 
     </span>
     <span class='ocr_line' id='line_1_4' title="bbox 109 445 1692 504; baseline 0 -12"><span class='ocrx_word' id='word_1_26' title='bbox 109 446 422 493; x_wconf 78' lang='lat' dir='ltr'>armabantur.</span> <span class='ocrx_word' id='word_1_27' title='bbox 501 446 568 492; x_wconf 89' lang='lat' dir='ltr'>At</span> <span class='ocrx_word' id='word_1_28' title='bbox 603 450 702 492; x_wconf 90' lang='lat' dir='ltr'>erat</span> <span class='ocrx_word' id='word_1_29' title='bbox 737 461 917 492; x_wconf 88' lang='lat' dir='ltr'>mecum</span> <span class='ocrx_word' id='word_1_30' title='bbox 953 449 1141 492; x_wconf 83' lang='lat' dir='ltr'>senatus</span> <span class='ocrx_word' id='word_1_31' title='bbox 1177 449 1224 492; x_wconf 89' lang='lat' dir='ltr'>et</span> <span class='ocrx_word' id='word_1_32' title='bbox 1259 445 1446 504; x_wconf 87' lang='lat' dir='ltr'>quidem</span> <span class='ocrx_word' id='word_1_33' title='bbox 1481 448 1610 490; x_wconf 87' lang='lat' dir='ltr'>veste</span> <span class='ocrx_word' id='word_1_34' title='bbox 1634 446 1692 492; x_wconf 87' lang='lat'>87</span> 
     </span>
     <span class='ocr_line' id='line_1_5' title="bbox 110 527 1610 589; baseline -0.001 -14"><span class='ocrx_word' id='word_1_35' title='bbox 110 533 304 588; x_wconf 88' lang='lat' dir='ltr'>mutata,</span> <span class='ocrx_word' id='word_1_36' title='bbox 355 528 478 589; x_wconf 89' lang='lat' dir='ltr'>quod</span> <span class='ocrx_word' id='word_1_37' title='bbox 524 543 607 588; x_wconf 92' lang='lat' dir='ltr'>pro</span> <span class='ocrx_word' id='word_1_38' title='bbox 652 543 725 575; x_wconf 89' lang='lat' dir='ltr'>me</span> <span class='ocrx_word' id='word_1_39' title='bbox 773 544 864 574; x_wconf 90' lang='lat' dir='ltr'>uno</span> <span class='ocrx_word' id='word_1_40' title='bbox 905 532 1010 588; x_wconf 89' lang='lat' dir='ltr'>post</span> <span class='ocrx_word' id='word_1_41' title='bbox 1058 527 1296 574; x_wconf 87' lang='lat' dir='ltr'>hominum</span> <span class='ocrx_word' id='word_1_42' title='bbox 1343 528 1610 573; x_wconf 88' lang='lat' dir='ltr'>memoriam</span> 
     </span>
     <span class='ocr_line' id='line_1_6' title="bbox 68 610 1611 671; baseline -0.001 -14"><span class='ocrx_word' id='word_1_43' title='bbox 68 633 86 663; x_wconf 83' lang='lat'><strong>5</strong></span> <span class='ocrx_word' id='word_1_44' title='bbox 110 611 294 671; x_wconf 89' lang='lat' dir='ltr'>publico</span> <span class='ocrx_word' id='word_1_45' title='bbox 318 611 507 658; x_wconf 90' lang='lat' dir='ltr'>consilio</span> <span class='ocrx_word' id='word_1_46' title='bbox 535 614 800 670; x_wconf 89' lang='lat' dir='ltr'>susceptum</span> <span class='ocrx_word' id='word_1_47' title='bbox 832 615 917 658; x_wconf 85' lang='lat' dir='ltr'>est.</span> <span class='ocrx_word' id='word_1_48' title='bbox 990 610 1083 658; x_wconf 81' lang='lat' dir='ltr'>Sed</span> <span class='ocrx_word' id='word_1_49' title='bbox 1118 610 1364 669; x_wconf 92' lang='lat' dir='ltr'>recordare,</span> <span class='ocrx_word' id='word_1_50' title='bbox 1392 610 1473 669; x_wconf 89' lang='lat' dir='ltr'>qui</span> <span class='ocrx_word' id='word_1_51' title='bbox 1508 614 1611 655; x_wconf 92' lang='lat' dir='ltr'>tum</span> 
     </span>
     <span class='ocr_line' id='line_1_7' title="bbox 110 692 1611 752; baseline -0.001 -13"><span class='ocrx_word' id='word_1_52' title='bbox 110 694 284 740; x_wconf 87' lang='lat' dir='ltr'>fuerint</span> <span class='ocrx_word' id='word_1_53' title='bbox 327 693 566 740; x_wconf 89' lang='lat' dir='ltr'>consulum</span> <span class='ocrx_word' id='word_1_54' title='bbox 607 693 791 739; x_wconf 90' lang='lat' dir='ltr'>nomine</span> <span class='ocrx_word' id='word_1_55' title='bbox 834 692 1005 752; x_wconf 87' lang='lat' dir='ltr'>hostes,</span> <span class='ocrx_word' id='word_1_56' title='bbox 1044 693 1124 752; x_wconf 92' lang='lat' dir='ltr'>qui</span> <span class='ocrx_word' id='word_1_57' title='bbox 1166 693 1251 739; x_wconf 89' lang='lat' dir='ltr'>soli</span> <span class='ocrx_word' id='word_1_58' title='bbox 1292 693 1341 738; x_wconf 89' lang='lat' dir='ltr'>in</span> <span class='ocrx_word' id='word_1_59' title='bbox 1377 692 1464 738; x_wconf 89' lang='lat' dir='ltr'>hac</span> <span class='ocrx_word' id='word_1_60' title='bbox 1497 692 1611 738; x_wconf 93' lang='lat' dir='ltr'>urbe</span> 
     </span>
     <span class='ocr_line' id='line_1_8' title="bbox 110 775 1610 835; baseline -0.002 -12"><span class='ocrx_word' id='word_1_61' title='bbox 110 780 324 823; x_wconf 89' lang='lat' dir='ltr'>senatum</span> <span class='ocrx_word' id='word_1_62' title='bbox 363 776 545 823; x_wconf 86' lang='lat' dir='ltr'>senatui</span> <span class='ocrx_word' id='word_1_63' title='bbox 586 790 743 834; x_wconf 88' lang='lat' dir='ltr'>parere</span> <span class='ocrx_word' id='word_1_64' title='bbox 779 790 870 822; x_wconf 89' lang='lat' dir='ltr'>non</span> <span class='ocrx_word' id='word_1_65' title='bbox 906 776 1080 834; x_wconf 77' lang='lat' dir='ltr'>sierint,</span> <span class='ocrx_word' id='word_1_66' title='bbox 1120 775 1362 835; x_wconf 89' lang='lat' dir='ltr'>edictoque</span> <span class='ocrx_word' id='word_1_67' title='bbox 1396 791 1478 822; x_wconf 92' lang='lat' dir='ltr'>suo</span> <span class='ocrx_word' id='word_1_68' title='bbox 1519 790 1610 821; x_wconf 91' lang='lat' dir='ltr'>non</span> 
     </span>
     <span class='ocr_line' id='line_1_9' title="bbox 110 857 1672 918; baseline -0.001 -14"><span class='ocrx_word' id='word_1_69' title='bbox 110 858 290 905; x_wconf 85' lang='lat' dir='ltr'>luctum</span> <span class='ocrx_word' id='word_1_70' title='bbox 313 858 524 918; x_wconf 87' lang='lat' dir='ltr'>patribus</span> <span class='ocrx_word' id='word_1_71' title='bbox 548 858 831 916; x_wconf 86' lang='lat' dir='ltr'>conscriptis,</span> <span class='ocrx_word' id='word_1_72' title='bbox 859 858 940 904; x_wconf 87' lang='lat' dir='ltr'>sed</span> <span class='ocrx_word' id='word_1_73' title='bbox 968 857 1138 904; x_wconf 90' lang='lat' dir='ltr'>indicia</span> <span class='ocrx_word' id='word_1_74' title='bbox 1161 857 1316 904; x_wconf 87' lang='lat' dir='ltr'>luctus</span> <span class='ocrx_word' id='word_1_75' title='bbox 1339 857 1607 904; x_wconf 86' lang='lat' dir='ltr'>ademerint.</span> <span class='ocrx_word' id='word_1_76' title='bbox 1670 901 1672 903; x_wconf 87' lang='lat'><strong>.</strong></span> 
     </span>
     <span class='ocr_line' id='line_1_10' title="bbox 112 940 1611 1000; baseline -0.001 -13"><span class='ocrx_word' id='word_1_77' title='bbox 112 940 180 986; x_wconf 90' lang='lat' dir='ltr'>At</span> <span class='ocrx_word' id='word_1_78' title='bbox 211 944 310 987; x_wconf 92' lang='lat' dir='ltr'>erat</span> <span class='ocrx_word' id='word_1_79' title='bbox 344 955 523 986; x_wconf 90' lang='lat' dir='ltr'>mecum</span> <span class='ocrx_word' id='word_1_80' title='bbox 547 943 740 986; x_wconf 87' lang='lat' dir='ltr'>cunctus</span> <span class='ocrx_word' id='word_1_81' title='bbox 769 944 982 999; x_wconf 88' lang='lat' dir='ltr'>equester</span> <span class='ocrx_word' id='word_1_82' title='bbox 1005 940 1143 988; x_wconf 90' lang='lat' dir='ltr'>ordo:</span> <span class='ocrx_word' id='word_1_83' title='bbox 1179 955 1317 1000; x_wconf 82' lang='lat' dir='ltr'>quem</span> <span class='ocrx_word' id='word_1_84' title='bbox 1342 940 1528 1000; x_wconf 90' lang='lat' dir='ltr'>quidem</span> <span class='ocrx_word' id='word_1_85' title='bbox 1563 940 1611 985; x_wconf 93' lang='lat' dir='ltr'>in</span> 
     </span>
     <span class='ocr_line' id='line_1_11' title="bbox 54 1022 1611 1083; baseline 0.001 -17"><span class='ocrx_word' id='word_1_86' title='bbox 54 1046 94 1066; x_wconf 86' lang='lat'>10</span> <span class='ocrx_word' id='word_1_87' title='bbox 114 1022 403 1069; x_wconf 88' lang='lat' dir='ltr'>contionibus</span> <span class='ocrx_word' id='word_1_88' title='bbox 450 1022 645 1068; x_wconf 83' lang='lat' dir='ltr'>saltator</span> <span class='ocrx_word' id='word_1_89' title='bbox 678 1022 757 1069; x_wconf 92' lang='lat' dir='ltr'>ille</span> <span class='ocrx_word' id='word_1_90' title='bbox 797 1022 1027 1069; x_wconf 84' lang='lat' dir='ltr'>Catilinae</span> <span class='ocrx_word' id='word_1_91' title='bbox 1066 1023 1224 1069; x_wconf 90' lang='lat' dir='ltr'>consul</span> <span class='ocrx_word' id='word_1_92' title='bbox 1269 1023 1611 1083; x_wconf 87' lang='lat' dir='ltr'>proscriptionis</span> 
     </span>
     <span class='ocr_line' id='line_1_12' title="bbox 103 1105 1612 1164; baseline -0.001 -12"><span class='ocrx_word' id='word_1_93' title='bbox 103 1106 461 1152; x_wconf 84' lang='lat' dir='ltr'>denuntiatione</span> <span class='ocrx_word' id='word_1_94' title='bbox 497 1105 714 1152; x_wconf 89' lang='lat' dir='ltr'>terrebat.</span> <span class='ocrx_word' id='word_1_95' title='bbox 787 1105 855 1152; x_wconf 89' lang='lat' dir='ltr'>At</span> <span class='ocrx_word' id='word_1_96' title='bbox 896 1109 998 1152; x_wconf 89' lang='lat' dir='ltr'>tota</span> <span class='ocrx_word' id='word_1_97' title='bbox 1033 1105 1175 1152; x_wconf 88' lang='lat' dir='ltr'>Italia</span> <span class='ocrx_word' id='word_1_98' title='bbox 1209 1109 1498 1164; x_wconf 85' lang='lat' dir='ltr'>convenerat,</span> <span class='ocrx_word' id='word_1_99' title='bbox 1537 1105 1612 1151; x_wconf 92' lang='lat' dir='ltr'>cui</span> 
     </span>
     <span class='ocr_line' id='line_1_13' title="bbox 111 1187 1499 1248; baseline 0.001 -14"><span class='ocrx_word' id='word_1_100' title='bbox 111 1188 299 1248; x_wconf 90' lang='lat' dir='ltr'>quidem</span> <span class='ocrx_word' id='word_1_101' title='bbox 322 1187 434 1235; x_wconf 89' lang='lat' dir='ltr'>belli</span> <span class='ocrx_word' id='word_1_102' title='bbox 457 1188 670 1234; x_wconf 89' lang='lat' dir='ltr'>intestini</span> <span class='ocrx_word' id='word_1_103' title='bbox 694 1191 742 1234; x_wconf 89' lang='lat' dir='ltr'>et</span> <span class='ocrx_word' id='word_1_104' title='bbox 764 1188 1005 1234; x_wconf 87' lang='lat' dir='ltr'>vastitatis</span> <span class='ocrx_word' id='word_1_105' title='bbox 1027 1192 1180 1234; x_wconf 88' lang='lat' dir='ltr'>metus</span> <span class='ocrx_word' id='word_1_106' title='bbox 1204 1188 1499 1235; x_wconf 89' lang='lat' dir='ltr'>inferebatur.</span> 
     </span>
     <span class='ocr_line' id='line_1_14' title="bbox 194 1269 1612 1330; baseline 0 -13"><span class='ocrx_word' id='word_1_107' title='bbox 194 1269 424 1317; x_wconf 91' lang='lat' dir='ltr'><strong>XXXVI.</strong></span> <span class='ocrx_word' id='word_1_108' title='bbox 466 1270 608 1316; x_wconf 90' lang='lat' dir='ltr'>Hisce</span> <span class='ocrx_word' id='word_1_109' title='bbox 627 1285 710 1330; x_wconf 90' lang='lat' dir='ltr'>ego</span> <span class='ocrx_word' id='word_1_110' title='bbox 729 1269 914 1316; x_wconf 84' lang='lat' dir='ltr'>auxiliis</span> <span class='ocrx_word' id='word_1_111' title='bbox 933 1270 1231 1316; x_wconf 90' lang='lat' dir='ltr'>studentibus</span> <span class='ocrx_word' id='word_1_112' title='bbox 1249 1274 1389 1330; x_wconf 87' lang='lat' dir='ltr'>atque</span> <span class='ocrx_word' id='word_1_113' title='bbox 1404 1271 1612 1317; x_wconf 89' lang='lat' dir='ltr'>incitatis</span> 
     </span>
     <span class='ocr_line' id='line_1_15' title="bbox 109 1352 1608 1412; baseline 0 -14"><span class='ocrx_word' id='word_1_114' title='bbox 109 1353 182 1399; x_wconf 90' lang='lat' dir='ltr'>uti</span> <span class='ocrx_word' id='word_1_115' title='bbox 216 1368 301 1412; x_wconf 91' lang='lat' dir='ltr'>me,</span> <span class='ocrx_word' id='word_1_116' title='bbox 330 1353 612 1412; x_wconf 87' lang='lat' dir='ltr'>Laterensis,</span> <span class='ocrx_word' id='word_1_117' title='bbox 641 1353 845 1412; x_wconf 86' lang='lat' dir='ltr'>potuisse</span> <span class='ocrx_word' id='word_1_118' title='bbox 871 1352 1102 1411; x_wconf 88' lang='lat' dir='ltr'>confiteor,</span> <span class='ocrx_word' id='word_1_119' title='bbox 1130 1352 1211 1399; x_wconf 88' lang='lat' dir='ltr'>sed</span> <span class='ocrx_word' id='word_1_120' title='bbox 1243 1357 1343 1399; x_wconf 93' lang='lat' dir='ltr'>erat</span> <span class='ocrx_word' id='word_1_121' title='bbox 1378 1368 1468 1399; x_wconf 92' lang='lat' dir='ltr'>non</span> <span class='ocrx_word' id='word_1_122' title='bbox 1497 1353 1608 1412; x_wconf 88' lang='lat' dir='ltr'>iure,</span> 
     </span>
     <span class='ocr_line' id='line_1_16' title="bbox 49 1434 1608 1495; baseline 0.003 -17"><span class='ocrx_word' id='word_1_123' title='bbox 49 1455 87 1486; x_wconf 85' lang='lat'>15</span> <span class='ocrx_word' id='word_1_124' title='bbox 109 1450 202 1482; x_wconf 91' lang='lat' dir='ltr'>non</span> <span class='ocrx_word' id='word_1_125' title='bbox 224 1435 416 1495; x_wconf 83' lang='lat' dir='ltr'>legibus,</span> <span class='ocrx_word' id='word_1_126' title='bbox 438 1450 530 1482; x_wconf 92' lang='lat' dir='ltr'>non</span> <span class='ocrx_word' id='word_1_127' title='bbox 554 1435 853 1495; x_wconf 88' lang='lat' dir='ltr'>disceptando</span> <span class='ocrx_word' id='word_1_128' title='bbox 871 1434 1200 1482; x_wconf 87' lang='lat' dir='ltr'>decertandum</span> <span class='ocrx_word' id='word_1_129' title='bbox 1211 1453 1225 1495; x_wconf 78' lang='lat'>3</span> <span class='ocrx_word' id='word_1_130' title='bbox 1260 1451 1368 1481; x_wconf 91' lang='lat' dir='ltr'>nam</span> <span class='ocrx_word' id='word_1_131' title='bbox 1391 1436 1608 1495; x_wconf 89' lang='lat' dir='ltr'>profecto,</span> 
     </span>
     <span class='ocr_line' id='line_1_17' title="bbox 109 1517 1613 1578; baseline 0 -13"><span class='ocrx_word' id='word_1_132' title='bbox 109 1519 379 1578; x_wconf 90' lang='lat' dir='ltr'>praesertim</span> <span class='ocrx_word' id='word_1_133' title='bbox 403 1522 502 1565; x_wconf 92' lang='lat' dir='ltr'>tam</span> <span class='ocrx_word' id='word_1_134' title='bbox 525 1517 647 1564; x_wconf 89' lang='lat' dir='ltr'>bona</span> <span class='ocrx_word' id='word_1_135' title='bbox 670 1518 719 1564; x_wconf 92' lang='lat' dir='ltr'>in</span> <span class='ocrx_word' id='word_1_136' title='bbox 743 1533 892 1576; x_wconf 88' lang='lat' dir='ltr'>causa,</span> <span class='ocrx_word' id='word_1_137' title='bbox 920 1533 1170 1577; x_wconf 84' lang='lat' dir='ltr'>nunquam,</span> <span class='ocrx_word' id='word_1_138' title='bbox 1199 1534 1290 1577; x_wconf 88' lang='lat' dir='ltr'>quo</span> <span class='ocrx_word' id='word_1_139' title='bbox 1314 1518 1455 1565; x_wconf 88' lang='lat' dir='ltr'>ceteri</span> <span class='ocrx_word' id='word_1_140' title='bbox 1479 1533 1613 1578; x_wconf 88' lang='lat' dir='ltr'>saepe</span> 
     </span>
     <span class='ocr_line' id='line_1_18' title="bbox 110 1600 1613 1662; baseline -0.001 -14"><span class='ocrx_word' id='word_1_141' title='bbox 110 1602 418 1661; x_wconf 82' lang='lat' dir='ltr'>abundarunt,</span> <span class='ocrx_word' id='word_1_142' title='bbox 440 1601 489 1648; x_wconf 90' lang='lat' dir='ltr'>id</span> <span class='ocrx_word' id='word_1_143' title='bbox 521 1601 637 1647; x_wconf 91' lang='lat' dir='ltr'>mihi</span> <span class='ocrx_word' id='word_1_144' title='bbox 665 1601 755 1660; x_wconf 90' lang='lat' dir='ltr'>ipsi</span> <span class='ocrx_word' id='word_1_145' title='bbox 773 1600 998 1647; x_wconf 88' lang='lat' dir='ltr'>auxilium</span> <span class='ocrx_word' id='word_1_146' title='bbox 1017 1616 1171 1647; x_wconf 91' lang='lat' dir='ltr'>meum</span> <span class='ocrx_word' id='word_1_147' title='bbox 1190 1601 1414 1647; x_wconf 87' lang='lat' dir='ltr'>defuisset</span> <span class='ocrx_word' id='word_1_148' title='bbox 1431 1619 1445 1662; x_wconf 81' lang='lat'><em>3</em></span> <span class='ocrx_word' id='word_1_149' title='bbox 1473 1602 1613 1647; x_wconf 88' lang='lat' dir='ltr'>armis</span> 
     </span>
     <span class='ocr_line' id='line_1_19' title="bbox 110 1683 1613 1743; baseline 0 -13"><span class='ocrx_word' id='word_1_150' title='bbox 110 1684 214 1743; x_wconf 85' lang='lat' dir='ltr'>fuit,</span> <span class='ocrx_word' id='word_1_151' title='bbox 233 1685 385 1743; x_wconf 89' lang='lat' dir='ltr'>armis,</span> <span class='ocrx_word' id='word_1_152' title='bbox 403 1685 606 1743; x_wconf 90' lang='lat' dir='ltr'>inquam,</span> <span class='ocrx_word' id='word_1_153' title='bbox 625 1684 716 1729; x_wconf 88' lang='lat' dir='ltr'>fuit</span> <span class='ocrx_word' id='word_1_154' title='bbox 732 1683 1045 1730; x_wconf 89' lang='lat' dir='ltr'>dimicandum</span> <span class='ocrx_word' id='word_1_155' title='bbox 1058 1700 1068 1741; x_wconf 85' lang='lat'>3</span> <span class='ocrx_word' id='word_1_156' title='bbox 1088 1683 1256 1742; x_wconf 90' lang='lat' dir='ltr'>quibus</span> <span class='ocrx_word' id='word_1_157' title='bbox 1271 1699 1299 1728; x_wconf 91' lang='lat' dir='ltr'>a</span> <span class='ocrx_word' id='word_1_158' title='bbox 1314 1684 1458 1730; x_wconf 88' lang='lat' dir='ltr'>servis</span> <span class='ocrx_word' id='word_1_159' title='bbox 1472 1688 1613 1743; x_wconf 87' lang='lat' dir='ltr'>atque</span> 
     </span>
     <span class='ocr_line' id='line_1_20' title="bbox 111 1765 1612 1814; baseline -0.001 -1"><span class='ocrx_word' id='word_1_160' title='bbox 111 1783 140 1813; x_wconf 90' lang='lat' dir='ltr'>a</span> <span class='ocrx_word' id='word_1_161' title='bbox 162 1782 398 1814; x_wconf 89' lang='lat' dir='ltr'>servorum</span> <span class='ocrx_word' id='word_1_162' title='bbox 436 1766 630 1813; x_wconf 91' lang='lat' dir='ltr'>ducibus</span> <span class='ocrx_word' id='word_1_163' title='bbox 654 1766 841 1813; x_wconf 90' lang='lat' dir='ltr'>caedem</span> <span class='ocrx_word' id='word_1_164' title='bbox 863 1766 963 1812; x_wconf 90' lang='lat' dir='ltr'>fieri</span> <span class='ocrx_word' id='word_1_165' title='bbox 987 1770 1176 1812; x_wconf 89' lang='lat' dir='ltr'>senatus</span> <span class='ocrx_word' id='word_1_166' title='bbox 1214 1769 1262 1812; x_wconf 89' lang='lat' dir='ltr'>et</span> <span class='ocrx_word' id='word_1_167' title='bbox 1299 1765 1524 1812; x_wconf 89' lang='lat' dir='ltr'>bonorum</span> <span class='ocrx_word' id='word_1_168' title='bbox 1548 1768 1612 1813; x_wconf 92' lang='lat' dir='ltr'>rei</span> 
     </span>
     <span class='ocr_line' id='line_1_21' title="bbox 46 1848 1693 1908; baseline 0.001 -15"><span class='ocrx_word' id='word_1_169' title='bbox 46 1872 85 1893; x_wconf 89' lang='lat'>20</span> <span class='ocrx_word' id='word_1_170' title='bbox 111 1849 320 1908; x_wconf 90' lang='lat' dir='ltr'>publicae</span> <span class='ocrx_word' id='word_1_171' title='bbox 368 1849 615 1895; x_wconf 86' lang='lat' dir='ltr'>exitiosum</span> <span class='ocrx_word' id='word_1_172' title='bbox 662 1849 840 1896; x_wconf 85' lang='lat' dir='ltr'>fuisset.</span> <span class='ocrx_word' id='word_1_173' title='bbox 931 1848 1070 1895; x_wconf 91' lang='lat' dir='ltr'>Vinci</span> <span class='ocrx_word' id='word_1_174' title='bbox 1116 1852 1273 1895; x_wconf 85' lang='lat' dir='ltr'>autem</span> <span class='ocrx_word' id='word_1_175' title='bbox 1314 1849 1546 1908; x_wconf 88' lang='lat' dir='ltr'>improbos</span> <span class='ocrx_word' id='word_1_176' title='bbox 1586 1865 1615 1895; x_wconf 89' lang='lat' dir='ltr'>a</span> <span class='ocrx_word' id='word_1_177' title='bbox 1637 1855 1693 1902; x_wconf 88' lang='grc'>88</span> 
     </span>
     <span class='ocr_line' id='line_1_22' title="bbox 111 1931 1614 1991; baseline 0 -14"><span class='ocrx_word' id='word_1_178' title='bbox 111 1932 244 1977; x_wconf 90' lang='lat' dir='ltr'>bonis</span> <span class='ocrx_word' id='word_1_179' title='bbox 284 1932 432 1978; x_wconf 88' lang='lat' dir='ltr'>fateor</span> <span class='ocrx_word' id='word_1_180' title='bbox 471 1932 614 1978; x_wconf 88' lang='lat' dir='ltr'>fuisse</span> <span class='ocrx_word' id='word_1_181' title='bbox 653 1931 952 1991; x_wconf 89' lang='lat' dir='ltr'>praeclarum,</span> <span class='ocrx_word' id='word_1_182' title='bbox 995 1931 1035 1977; x_wconf 93' lang='lat' dir='ltr'>si</span> <span class='ocrx_word' id='word_1_183' title='bbox 1076 1931 1216 1977; x_wconf 87' lang='lat' dir='ltr'>finem</span> <span class='ocrx_word' id='word_1_184' title='bbox 1257 1935 1359 1977; x_wconf 89' lang='lat' dir='ltr'>tum</span> <span class='ocrx_word' id='word_1_185' title='bbox 1400 1931 1614 1978; x_wconf 87' lang='lat' dir='ltr'>vincendi</span> 
     </span>
     <span class='ocr_line' id='line_1_23' title="bbox 112 2014 1614 2073; baseline 0.001 -14"><span class='ocrx_word' id='word_1_186' title='bbox 112 2014 330 2062; x_wconf 85' lang='lat' dir='ltr'>viderem.</span> <span class='ocrx_word' id='word_1_187' title='bbox 439 2014 536 2061; x_wconf 91' lang='lat' dir='ltr'>Ubi</span> <span class='ocrx_word' id='word_1_188' title='bbox 583 2014 706 2060; x_wconf 92' lang='lat' dir='ltr'>enim</span> <span class='ocrx_word' id='word_1_189' title='bbox 752 2014 869 2060; x_wconf 92' lang='lat' dir='ltr'>mihi</span> <span class='ocrx_word' id='word_1_190' title='bbox 913 2017 1097 2073; x_wconf 86' lang='lat' dir='ltr'>praesto</span> <span class='ocrx_word' id='word_1_191' title='bbox 1143 2014 1341 2060; x_wconf 89' lang='lat' dir='ltr'>fuissent</span> <span class='ocrx_word' id='word_1_192' title='bbox 1387 2018 1468 2060; x_wconf 89' lang='lat' dir='ltr'>aut</span> <span class='ocrx_word' id='word_1_193' title='bbox 1516 2018 1614 2060; x_wconf 89' lang='lat' dir='ltr'>tam</span> 
     </span>
     <span class='ocr_line' id='line_1_24' title="bbox 113 2096 1609 2156; baseline 0 -13"><span class='ocrx_word' id='word_1_194' title='bbox 113 2097 254 2143; x_wconf 87' lang='lat' dir='ltr'>fortes</span> <span class='ocrx_word' id='word_1_195' title='bbox 301 2097 522 2156; x_wconf 86' lang='lat' dir='ltr'>consules,</span> <span class='ocrx_word' id='word_1_196' title='bbox 574 2112 713 2156; x_wconf 88' lang='lat' dir='ltr'>quarn</span> <span class='ocrx_word' id='word_1_197' title='bbox 764 2097 817 2143; x_wconf 91' lang='lat' dir='ltr'>L.</span> <span class='ocrx_word' id='word_1_198' title='bbox 858 2096 1084 2155; x_wconf 87' lang='lat' dir='ltr'>Opimius,</span> <span class='ocrx_word' id='word_1_199' title='bbox 1129 2111 1269 2156; x_wconf 85' lang='lat' dir='ltr'>quam</span> <span class='ocrx_word' id='word_1_200' title='bbox 1316 2096 1367 2143; x_wconf 79' lang='lat' dir='ltr'>O.</span> <span class='ocrx_word' id='word_1_201' title='bbox 1419 2097 1609 2156; x_wconf 91' lang='lat' dir='ltr'>Marius,</span> 
     </span>
     <span class='ocr_line' id='line_1_25' title="bbox 114 2178 1614 2246; baseline 0.001 -21"><span class='ocrx_word' id='word_1_202' title='bbox 114 2195 252 2239; x_wconf 86' lang='lat' dir='ltr'>quam</span> <span class='ocrx_word' id='word_1_203' title='bbox 294 2179 347 2227; x_wconf 90' lang='lat' dir='ltr'>L.</span> <span class='ocrx_word' id='word_1_204' title='bbox 393 2179 597 2238; x_wconf 87' lang='lat' dir='ltr'>Flaccus,</span> <span class='ocrx_word' id='word_1_205' title='bbox 643 2179 813 2238; x_wconf 91' lang='lat' dir='ltr'>quibus</span> <span class='ocrx_word' id='word_1_206' title='bbox 859 2178 1053 2246; x_wconf 78' lang='lat' dir='ltr'>ducibus</span> <span class='ocrx_word' id='word_1_207' title='bbox 1099 2179 1333 2238; x_wconf 88' lang='lat' dir='ltr'>improbos</span> <span class='ocrx_word' id='word_1_208' title='bbox 1380 2180 1502 2226; x_wconf 86' lang='lat' dir='ltr'>cives</span> <span class='ocrx_word' id='word_1_209' title='bbox 1541 2195 1614 2226; x_wconf 90' lang='lat' dir='ltr'>res</span> 
     </span>
     <span class='ocr_line' id='line_1_26' title="bbox 51 2262 1614 2321; baseline 0 -13"><span class='ocrx_word' id='word_1_210' title='bbox 51 2284 91 2315; x_wconf 85' lang='lat'>25</span> <span class='ocrx_word' id='word_1_211' title='bbox 113 2262 299 2321; x_wconf 89' lang='lat' dir='ltr'>publica</span> <span class='ocrx_word' id='word_1_212' title='bbox 338 2263 451 2308; x_wconf 91' lang='lat' dir='ltr'>vicit</span> <span class='ocrx_word' id='word_1_213' title='bbox 497 2263 700 2321; x_wconf 90' lang='lat' dir='ltr'>armatis,</span> <span class='ocrx_word' id='word_1_214' title='bbox 752 2265 848 2321; x_wconf 87' lang='lat' dir='ltr'>aut,</span> <span class='ocrx_word' id='word_1_215' title='bbox 898 2262 939 2308; x_wconf 90' lang='lat' dir='ltr'>si</span> <span class='ocrx_word' id='word_1_216' title='bbox 979 2262 1132 2308; x_wconf 89' lang='lat' dir='ltr'>minus</span> <span class='ocrx_word' id='word_1_217' title='bbox 1168 2262 1325 2319; x_wconf 81' lang='lat' dir='ltr'>fortes,</span> <span class='ocrx_word' id='word_1_218' title='bbox 1372 2266 1422 2309; x_wconf 90' lang='lat' dir='ltr'>at</span> <span class='ocrx_word' id='word_1_219' title='bbox 1457 2266 1614 2309; x_wconf 90' lang='lat' dir='ltr'>tamen</span> 
     </span>
     <span class='ocr_line' id='line_1_27' title="bbox 115 2344 1615 2404; baseline 0.001 -14"><span class='ocrx_word' id='word_1_220' title='bbox 115 2349 213 2391; x_wconf 87' lang='lat' dir='ltr'>tam</span> <span class='ocrx_word' id='word_1_221' title='bbox 244 2346 369 2402; x_wconf 91' lang='lat' dir='ltr'>iusti,</span> <span class='ocrx_word' id='word_1_222' title='bbox 417 2361 556 2404; x_wconf 90' lang='lat' dir='ltr'>quam</span> <span class='ocrx_word' id='word_1_223' title='bbox 604 2345 656 2392; x_wconf 93' lang='lat' dir='ltr'>P.</span> <span class='ocrx_word' id='word_1_224' title='bbox 699 2345 896 2403; x_wconf 89' lang='lat' dir='ltr'>Mucius,</span> <span class='ocrx_word' id='word_1_225' title='bbox 941 2344 1022 2404; x_wconf 91' lang='lat' dir='ltr'>qui</span> <span class='ocrx_word' id='word_1_226' title='bbox 1059 2360 1199 2403; x_wconf 86' lang='lat' dir='ltr'>arma,</span> <span class='ocrx_word' id='word_1_227' title='bbox 1250 2360 1367 2404; x_wconf 90' lang='lat' dir='ltr'>quae</span> <span class='ocrx_word' id='word_1_228' title='bbox 1403 2345 1615 2404; x_wconf 89' lang='lat' dir='ltr'>privatus</span> 
     </span>
     <span class='ocr_line' id='line_1_28' title="bbox 117 2426 1614 2487; baseline 0 -13"><span class='ocrx_word' id='word_1_229' title='bbox 117 2427 168 2474; x_wconf 90' lang='lat' dir='ltr'>P.</span> <span class='ocrx_word' id='word_1_230' title='bbox 199 2427 352 2486; x_wconf 84' lang='lat' dir='ltr'>Scipio</span> <span class='ocrx_word' id='word_1_231' title='bbox 376 2431 571 2487; x_wconf 85' lang='lat' dir='ltr'>ceperat,</span> <span class='ocrx_word' id='word_1_232' title='bbox 601 2443 656 2474; x_wconf 93' lang='lat' dir='ltr'>ea</span> <span class='ocrx_word' id='word_1_233' title='bbox 679 2427 747 2475; x_wconf 89' lang='lat' dir='ltr'>Ti.</span> <span class='ocrx_word' id='word_1_234' title='bbox 778 2426 985 2474; x_wconf 83' lang='lat' dir='ltr'>Graccho</span> <span class='ocrx_word' id='word_1_235' title='bbox 1009 2427 1288 2486; x_wconf 86' lang='lat' dir='ltr'>interempto</span> <span class='ocrx_word' id='word_1_236' title='bbox 1316 2427 1415 2473; x_wconf 91' lang='lat' dir='ltr'>iure</span> <span class='ocrx_word' id='word_1_237' title='bbox 1440 2428 1614 2486; x_wconf 88' lang='lat' dir='ltr'>optimo</span> 
     </span>
     <span class='ocr_line' id='line_1_29' title="bbox 116 2509 1615 2569; baseline 0.001 -14"><span class='ocrx_word' id='word_1_238' title='bbox 116 2514 304 2569; x_wconf 86' lang='lat' dir='ltr'>sumpta</span> <span class='ocrx_word' id='word_1_239' title='bbox 343 2525 440 2557; x_wconf 89' lang='lat' dir='ltr'>esse</span> <span class='ocrx_word' id='word_1_240' title='bbox 487 2510 726 2558; x_wconf 71' lang='lat' dir='ltr'>defendit&#39;l</span> <span class='ocrx_word' id='word_1_241' title='bbox 802 2510 940 2556; x_wconf 90' lang='lat' dir='ltr'>Esset</span> <span class='ocrx_word' id='word_1_242' title='bbox 977 2510 1122 2569; x_wconf 86' lang='lat' dir='ltr'>igitur</span> <span class='ocrx_word' id='word_1_243' title='bbox 1162 2509 1462 2569; x_wconf 86' lang='lat' dir='ltr'>pugnandum</span> <span class='ocrx_word' id='word_1_244' title='bbox 1509 2525 1615 2557; x_wconf 92' lang='lat' dir='ltr'>cum</span> 
     </span>
     <span class='ocr_line' id='line_1_30' title="bbox 117 2591 1617 2652; baseline 0 -14"><span class='ocrx_word' id='word_1_245' title='bbox 117 2591 394 2640; x_wconf 87' lang='lat' dir='ltr'>consulibus.</span> <span class='ocrx_word' id='word_1_246' title='bbox 489 2592 624 2639; x_wconf 90' lang='lat' dir='ltr'>Nihil</span> <span class='ocrx_word' id='word_1_247' title='bbox 666 2593 767 2639; x_wconf 89' lang='lat' dir='ltr'>dico</span> <span class='ocrx_word' id='word_1_248' title='bbox 807 2592 1019 2652; x_wconf 87' lang='lat' dir='ltr'>amplius,</span> <span class='ocrx_word' id='word_1_249' title='bbox 1065 2593 1154 2639; x_wconf 88' lang='lat' dir='ltr'>nisi</span> <span class='ocrx_word' id='word_1_250' title='bbox 1195 2592 1346 2640; x_wconf 88' lang='lat' dir='ltr'>illud:</span> <span class='ocrx_word' id='word_1_251' title='bbox 1395 2593 1617 2644; x_wconf 84' lang='lat' dir='ltr'>victoriae</span> 
     </span>
     <span class='ocr_line' id='line_1_31' title="bbox 54 2675 1614 2736; baseline 0.001 -16"><span class='ocrx_word' id='word_1_252' title='bbox 54 2699 96 2729; x_wconf 86' lang='lat'>30</span> <span class='ocrx_word' id='word_1_253' title='bbox 117 2678 299 2721; x_wconf 90' lang='lat' dir='ltr'>nostrae</span> <span class='ocrx_word' id='word_1_254' title='bbox 333 2690 496 2735; x_wconf 87' lang='lat' dir='ltr'>graves</span> <span class='ocrx_word' id='word_1_255' title='bbox 527 2675 814 2722; x_wconf 84' lang='lat' dir='ltr'>adversarios</span> <span class='ocrx_word' id='word_1_256' title='bbox 848 2679 1045 2736; x_wconf 87' lang='lat' dir='ltr'>paratos,</span> <span class='ocrx_word' id='word_1_257' title='bbox 1078 2675 1295 2722; x_wconf 84' lang='lat' dir='ltr'>interitus</span> <span class='ocrx_word' id='word_1_258' title='bbox 1330 2675 1482 2722; x_wconf 89' lang='lat' dir='ltr'>nullos</span> <span class='ocrx_word' id='word_1_259' title='bbox 1516 2690 1614 2722; x_wconf 92' lang='lat' dir='ltr'>esse</span> 
     </span>
    </p>
   </div>
  </div>
 </body>
</html>
