1846 2996
215 194 278 242 2Q,
661 192 719 232 M.
752 191 922 232 TULLI
954 192 1260 233 CICERONIS
1622 197 1642 236 Ξ
1661 195 1711 233 39

217 325 340 381 Quid
377 325 566 371 Plancio
597 340 703 371 cum
738 325 989 372 Lemonia}
1022 326 1134 385 quid
1169 342 1274 372 cum
1305 326 1568 372 Ufentina?
1601 327 1714 385 quid

217 422 322 452 cum
359 406 688 453 Clustumina?
756 406 881 453 Nam
917 407 1156 467 Maeciam,
1196 423 1286 454 non
1322 422 1439 467 quae
1474 407 1711 466 iudicaret,

134 500 192 545 39
216 489 297 536 sed
344 504 461 549 quae
506 489 763 549 reficeretur,
813 504 912 536 esse
958 490 1159 538 voluisti.
1254 489 1498 536 Dubitatis
1554 490 1711 549 igitur,

215 572 404 631 iudices,
455 572 567 631 quin
613 587 695 617 vos
742 571 809 618 M.
855 572 1118 618 Laterensis
1164 587 1246 618 suo
1293 572 1475 630 iudicio,
1518 586 1610 617 non
1655 571 1714 617 ad

217 654 495 699 sententiam
530 653 658 712 legis,
685 653 765 699 sed
800 653 859 699 ad
894 669 1025 700 suam
1049 669 1177 713 spem
1202 654 1406 712 aliquam
1437 653 1495 699 de
1526 653 1716 700 civitate
1739 674 1758 704 5

217 736 468 794 delegerit?
536 735 775 793 dubitatis,
811 736 923 794 quin
949 751 1025 782 eas
1060 736 1223 795 tribus,
1251 736 1299 781 in
1335 736 1503 795 quibus
1526 750 1716 794 magnas

217 817 579 863 necessitudines
626 817 766 864 habet
813 817 1041 875 Plancius,
1092 833 1195 864 cum
1242 817 1322 864 ille
1368 833 1458 863 non
1504 817 1712 876 ediderit,

217 899 435 944 iudicarit
470 899 629 944 officiis
670 898 730 945 ab
770 898 856 945 hoc
891 899 1169 957 observatas,
1209 914 1300 944 non
1340 898 1584 957 largitione
1625 913 1716 944 cor-

218 981 411 1040 ruptas?
480 980 604 1037 Quid
643 981 766 1027 enim
807 984 961 1040 potest
1002 981 1162 1039 dicere,
1202 996 1282 1027 cur
1321 981 1414 1027 ista
1448 981 1590 1026 editio
1625 995 1714 1026 non

219 1078 447 1108 summam
482 1062 652 1108 habeat
686 1062 987 1109 acerbitatem
1022 1067 1198 1109 remota
1231 1062 1410 1109 ratione
1444 1062 1538 1120 illa,
1576 1078 1716 1121 quam
1743 1088 1782 1108 10

136 1151 195 1197 40
218 1147 267 1192 in
290 1146 574 1192 decernendo
598 1146 744 1192 secuti
767 1146 958 1192 sumus‘l
1027 1146 1099 1192 Tu
1122 1145 1296 1205 deligas
1320 1161 1377 1192 ex
1401 1146 1525 1191 omni
1548 1145 1716 1205 populo

219 1232 302 1275 aut
325 1229 495 1275 amicos
520 1232 624 1275 tuos
656 1233 738 1275 aut
769 1229 978 1275 inimicos
1002 1244 1127 1275 meos
1152 1232 1234 1275 aut
1267 1228 1463 1287 denique
1487 1243 1577 1286 eOS,
1603 1243 1717 1287 quos

218 1311 535 1369 inexorabiles,
574 1326 688 1370 quos
730 1311 1017 1369 inhumanos,
1057 1325 1172 1370 quos
1207 1310 1411 1356 crudeles
1451 1310 1717 1356 existimes?

220 1397 323 1439 tum
363 1408 436 1439 me
477 1395 647 1452 ignaro,
685 1408 768 1439 nec
808 1393 1039 1452 opinante,
1079 1392 1224 1438 inscio
1261 1395 1395 1438 notes
1436 1395 1483 1437 et
1523 1395 1629 1438 tuos
1670 1395 1717 1437 et

220 1479 406 1521 tuorum
430 1475 679 1521 amicorum
704 1475 991 1532 necessarios,
1019 1474 1201 1533 iniquos
1224 1473 1300 1520 vel
1330 1488 1455 1520 meos
1477 1473 1553 1520 vel
1577 1473 1718 1519 etiam
1742 1500 1780 1530 15
1840 1485 1846 1534 A:

221 1557 514 1604 defensorum
554 1572 773 1615 meorum,
819 1557 1067 1616 eodemque
1109 1556 1346 1615 adiungas,
1392 1571 1507 1615 quos
1552 1559 1720 1602 natura
1842 1539 1846 1544 ⁵

220 1643 356 1699 putes
396 1654 579 1698 asperos
619 1642 759 1698 atque
800 1638 1013 1685 omnibus
1053 1637 1266 1697 iniquos?
1305 1637 1470 1683 deinde
1510 1636 1719 1683 effundas

221 1725 421 1781 repente,
462 1726 517 1768 ut
563 1725 672 1768 ante
713 1736 972 1767 consessum
1019 1736 1225 1767 meorum
1271 1720 1474 1766 iudicum
1520 1719 1715 1777 videam,

221 1819 360 1863 quam
394 1804 635 1863 potuerim,
661 1804 741 1862 qui
773 1807 925 1849 essent
956 1802 1103 1849 futuri
1131 1801 1366 1862 suspicari,
1394 1801 1518 1861 apud
1552 1816 1718 1860 eosque

221 1901 294 1933 me
326 1901 383 1933 ne
419 1886 620 1945 quinque
656 1885 842 1944 quidem
874 1886 1067 1942 reiectis,
1095 1884 1219 1943 quod
1251 1884 1300 1929 in
1331 1884 1538 1943 proximo
1560 1898 1638 1929 reo
1660 1882 1718 1929 de
1742 1914 1782 1934 20

220 1968 398 2015 consilii
456 1968 688 2015 sententia
742 1968 1050 2014 constitutum
1096 1970 1179 2024 est,
1229 1980 1364 2024 cogas
1420 1980 1605 2011 causam
1662 1965 1719 2011 de

138 2065 195 2111 41
221 2050 419 2096 fortunis
444 2049 658 2096 omnibus
690 2049 871 2095 dicere‘l
941 2048 988 2094 N
991 2064 1049 2094 on
1073 2049 1208 2106 enim,
1237 2048 1276 2094 si
1300 2051 1383 2093 aut
1407 2047 1623 2093 Plancius
1651 2047 1719 2092 ita

221 2133 353 2191 vixit,
380 2136 436 2179 ut
460 2132 710 2179 offenderet
742 2133 889 2178 sciens
912 2132 1154 2189 neminem,
1182 2134 1265 2177 aut
1293 2134 1348 2176 tu
1371 2131 1440 2176 ita
1462 2130 1637 2188 errasti,
1664 2133 1719 2176 ut

222 2230 297 2261 eos
321 2215 477 2261 ederes
510 2215 787 2274 imprudens,
817 2218 871 2260 ut
902 2228 985 2260 nos
1016 2214 1164 2259 invito
1187 2216 1235 2258 te
1259 2216 1416 2258 tamen
1440 2213 1499 2258 ad
1530 2212 1715 2270 iudices,

222 2312 314 2343 non
338 2297 397 2342 ad
426 2297 657 2343 carnifices
680 2297 954 2353 veniremus,
981 2294 1148 2341 idcirco
1171 2294 1263 2340 ista
1286 2294 1429 2340 editio
1451 2309 1532 2353 per
1554 2308 1604 2340 se
1627 2308 1717 2339 non
1742 2324 1782 2354 25
1832 2304 1835 2305 ’

223 2378 385 2425 acerba
409 2382 492 2426 est.

306 2461 468 2508 XVII.
507 2461 583 2507 An
607 2475 715 2507 vero
742 2475 887 2520 nuper
918 2458 1160 2506 clarissimi
1194 2459 1317 2504 cives
1348 2473 1514 2504 nomen
1545 2457 1718 2504 editicii

223 2543 386 2589 iudicis
417 2558 509 2589 non
540 2542 763 2601 tulerunt,
790 2557 894 2588 cum
918 2556 975 2588 ex
999 2553 1141 2586 CXXV
1168 2539 1409 2598 iudicibus,
1437 2539 1718 2599 principibus

223 2625 447 2683 equestris
471 2624 655 2682 ordinis,
679 2624 880 2683 quinque
903 2627 952 2669 et
975 2635 1081 2668 Lxx
1104 2637 1208 2668 reus
1231 2621 1433 2679 reiceret,
1460 2634 1490 2667 L
1513 2621 1701 2667 referret

223 2706 464 2764 omniaque
483 2706 637 2763 potius
656 2706 1030 2764 permiscuerunt,
1051 2718 1188 2762 quam
1207 2703 1250 2749 ei
1267 2702 1358 2762 legi
1376 2703 1718 2761 condicionique
1742 2731 1784 2760 30
