1846 2996
102 194 190 235 §85
472 190 581 231 PRO
611 189 700 230 CN.
733 188 983 230 PLANCIO
1013 187 1226 229 ORATIO
1551 187 1601 226 43

100 325 240 372 fuisse
257 341 270 384 3
323 339 485 384 meque
520 323 816 370 vehementer
850 324 975 370 vitae
1010 337 1136 368 meae
1171 321 1440 381 paeniteret,
1481 320 1520 365 si
1556 320 1601 365 in

99 423 202 455 mea
247 407 564 454 familiaritate
604 406 730 453 locus
775 410 896 453 esset
938 406 1111 453 nemini
1151 404 1241 450 nisi
1281 403 1486 462 litigioso
1521 406 1603 447 aut

99 491 296 537 nocenti.

99 659 142 708 ἓξ
163 659 307 698 83-85.
347 658 516 698 Cicero's
534 669 715 697 answers
734 660 771 696 to
791 657 899 697 three
914 658 1054 697 ‘minor
1073 657 1240 708 charqes
1254 656 1297 707 ο]
1315 655 1604 695 Laterensis—

206 723 296 763 that
317 723 376 774 (1)
396 724 463 763 his
482 724 684 774 epiloques
698 735 770 762 are
790 726 851 762 too
866 723 1023 774 tearful
1036 737 1053 771 ,·
1081 722 1140 773 (2)
1156 722 1203 762 he
1225 722 1319 762 will
1334 720 1481 772 defend
1500 732 1603 770 any-

207 788 308 839 body
320 804 336 836 ;
367 789 426 839 (3)
446 789 514 828 his
523 788 639 839 jokes
657 801 729 827 are
749 788 839 827 bad.

181 898 411 946 XXXIV.
452 898 543 945 Sed
566 897 679 945 haec
709 898 861 944 nescio
885 913 975 957 quo
1007 897 1143 944 modo
1167 897 1431 957 frequenter
1460 897 1509 942 in
1532 911 1606 942 me
1631 899 1689 952 83

55 997 73 1026 5
99 981 366 1040 congessisti
401 995 599 1040 saneque
623 980 672 1026 in
697 995 749 1026 eo
782 980 938 1027 creber
965 980 1110 1038 fuisti,
1139 984 1186 1026 te
1210 980 1378 1026 idcirco
1401 980 1448 1025 in
1473 978 1607 1025 ludos

97 1078 283 1110 causam
301 1064 503 1110 conicere
527 1063 741 1120 noluisse,
762 1078 819 1109 ne
844 1078 927 1122 ego
951 1078 1054 1109 mea
1077 1062 1406 1109 consuetudine
1431 1061 1606 1121 aliquid

81 1131 155 1192 de
202 1146 347 1192 tensis
399 1146 738 1192 misericordiae
790 1161 927 1192 causa
972 1146 1183 1203 dicerem,
1234 1145 1357 1204 quod
1408 1145 1456 1189 in
1504 1144 1607 1190 aliis

98 1227 323 1274 aedilibus
358 1231 467 1274 ante
503 1227 725 1275 fecissem.
800 1227 1029 1273 Nonnihil
1065 1227 1202 1286 egisti
1237 1226 1323 1273 hoc
1358 1226 1470 1284 1000,
1499 1241 1606 1272 nam

72 1310 214 1362 ‚mihi
237 1310 448 1369 eripuisti
483 1314 806 1357 ornamentum
839 1310 1060 1356 orationis
1092 1324 1250 1368 meae,
1286 1308 1540 1367 deridebor,
1569 1310 1609 1355 si

39 1411 76 1431 10
98 1393 379 1439 mentionem
414 1396 651 1438 tensarum
675 1392 836 1451 fecero,
865 1407 970 1438 cum
994 1396 1049 1438 tu
1083 1391 1132 1437 id
1164 1391 1474 1451 praedixeris3
1511 1392 1609 1437 sine

99 1475 242 1522 tensis
278 1479 436 1521 autem
470 1475 583 1534 quid
617 1478 783 1534 potero.
812 1475 993 1521 dicere?
1079 1474 1172 1520 Hic
1206 1474 1349 1520 etiam
1386 1473 1610 1520 addidisti

99 1573 172 1604 me
207 1557 376 1604 idcirco
411 1573 514 1604 mea
537 1557 636 1617 lege
673 1557 810 1604 exilio
835 1557 1064 1604 ambitum
1099 1556 1319 1615 sanxisse,
1347 1560 1402 1603 ut
1427 1557 1610 1603 misera-

99 1640 283 1686 biliores
325 1640 526 1700 epilogos
566 1655 748 1700 possem
795 1639 957 1687 dicere.
1031 1639 1199 1686 Nonne
1245 1638 1378 1686 vobis
1426 1639 1612 1685 videtur

100 1738 204 1768 cum
228 1722 382 1782 aliquo
407 1723 726 1782 declamatore,
753 1738 846 1769 non
870 1738 972 1768 cum
1007 1722 1177 1768 laboris
1203 1725 1250 1768 et
1275 1722 1363 1768 fori
1389 1721 1613 1781 discipulo

42 1814 78 1844 15
102 1804 369 1864 disputare?
441 1806 452 1828 ‘
468 1805 622 1852 Rhodi
646 1805 769 1851 enim
786 1805 797 1826 '
821 1805 976 1864 inquit
1004 1807 1114 1864 ‘ego
1137 1820 1230 1851 non
1254 1804 1323 1850 fui
1338 1805 1349 1825 '
1368 1822 1381 1866 5
1416 1819 1490 1851 me
1508 1803 1613 1851 vult
1637 1807 1695 1854 84

102 1887 272 1948 fuisse3
311 1887 418 1934 ‘sed
453 1887 546 1934 fui'
582 1887 1028 1947 inquit—putabam
1052 1888 1101 1933 in
1132 1887 1354 1934 Vaccaeis
1381 1888 1613 1934 dicturum

102 1999 169 2004 —
197 1969 294 2016 ‘bis
340 1971 389 2016 in
437 1970 690 2030 Bithynia,²
784 1970 835 2017 Si
880 1969 1007 2016 locus
1059 1970 1201 2017 habet
1250 1970 1615 2030 reprehensionis

102 2067 262 2098 ansam
309 2053 523 2112 aliquam,
563 2054 714 2099 nescio
762 2068 843 2100 cur
889 2053 1161 2099 severiorem
1209 2053 1431 2100 Nicaeam
1479 2057 1615 2113 putes

103 2150 242 2195 quam
268 2135 484 2182 Rhodum
502 2154 515 2197 3
550 2137 590 2182 si
615 2136 866 2195 spectanda
890 2151 1027 2182 causa
1050 2139 1134 2194 est,
1163 2139 1210 2182 et
1239 2140 1293 2182 tu
1318 2137 1365 2182 in
1393 2136 1617 2196 Bithynia

41 2230 82 2250 20
103 2233 285 2263 summa
319 2233 423 2263 cum
459 2218 688 2277 dignitate
724 2218 856 2264 fuisti
891 2221 939 2264 et
978 2233 1060 2277 ego
1102 2218 1258 2264 Rhodi
1293 2233 1385 2264 11011
1423 2219 1610 2266 minore.

106 2299 230 2345 Nam
254 2299 376 2358 quod
400 2300 449 2344 in
486 2315 538 2346 eo
562 2315 635 2346 me
672 2299 1020 2359 reprehendisti,
1049 2299 1173 2359 quod
1209 2300 1405 2361 nimium
1444 2300 1616 2347 multos

104 2381 408 2440 defenderem,
459 2382 641 2428 utinam
687 2386 735 2428 et
788 2386 854 2440 tu,
906 2382 985 2441 qui
1034 2386 1178 2442 potes,
1229 2386 1277 2428 et
1333 2383 1484 2442 ceteri,
1537 2385 1617 2443 qui

105 2462 362 2523 defugiunt,
390 2463 566 2510 vellent
601 2479 675 2510 me
698 2463 854 2510 labore
889 2463 974 2509 hoc
998 2463 1180 2511 levare!
1255 2463 1346 2510 Sed
1383 2464 1438 2511 fit
1462 2469 1619 2512 vestra

105 2545 361 2605 diligentia,
390 2546 471 2605 qui
506 2546 656 2592 causis
692 2546 999 2605 ponderandis
1035 2561 1191 2592 omnes
1225 2547 1318 2593 fere
1345 2547 1614 2607 repudiatis,

44 2640 82 2670 25
107 2632 160 2674 ut
184 2627 243 2674 ad
267 2642 350 2673 nos
373 2626 616 2687 pleraeque
641 2628 887 2685 confluant,
915 2629 996 2687 qui
1019 2629 1198 2674 miseris
1223 2632 1271 2674 et
1294 2628 1618 2676 laborantibus

107 2725 272 2771 negare
290 2710 408 2756 nihil
433 2725 686 2770 possumus.
760 2710 1060 2757 Admonuisti
1079 2711 1233 2770 etiam,
1256 2711 1378 2770 quod
1403 2712 1450 2757 in
1479 2712 1619 2759 Creta
1643 2719 1701 2765 85
