1846 2996
218 212 277 251 2&
662 209 717 251 Μ.
753 209 925 251 TULLI
957 209 1262 252 CICERONIS
1624 215 1644 254 ff
1663 213 1714 252 52

218 341 386 388 unoula
421 345 609 401 accepta
643 356 846 388 summos
881 356 908 387 a
942 341 1112 401 populo
1147 341 1356 388 Romano
1390 356 1487 389 esse
1524 342 1717 389 honores
1842 384 1846 412 ἐ

219 425 422 484 adeptos
495 424 627 471 Avus
661 439 769 471 vero
804 428 914 471 tuus
950 428 997 471 et
1033 424 1085 473 P.
1113 424 1310 471 Nasicae
1342 425 1431 471 tibi
1462 425 1717 471 aediliciam

219 507 503 567 praedicaret
537 506 781 566 repulsam,
820 521 912 566 quo
949 507 1046 553 cive
1082 507 1313 553 neminem
1349 522 1432 566 ego
1472 511 1629 554 statuo
1669 508 1718 553 in
1840 425 1846 607 ¹

221 589 306 635 hac
333 604 381 635 re
416 588 601 648 publica
634 589 886 648 fortiorem,
914 591 961 635 et
986 588 1038 637 O.
1066 588 1220 647 Marii,
1248 590 1328 648 qui
1360 589 1541 635 duabus
1565 589 1719 635 aedili·
1841 637 1846 659 γ

220 671 398 717 tatibus
422 671 631 729 repulsus
654 672 859 730 septiens
883 670 1042 717 consul
1065 674 1137 717 est
1161 671 1326 730 factus,
1347 675 1394 717 et
1418 671 1471 718 L.
1495 671 1716 730 GaesariS,
1744 692 1761 720 5
1842 676 1846 720 i

222 753 305 802 On.
352 753 547 812 Octavii,
593 753 660 801 M.
705 752 877 800 Tullii:
925 768 1039 812 quos
1079 768 1237 799 omnes
1279 754 1447 799 scimus
1482 753 1720 799 aedilitate
1840 721 1846 783 l

139 842 196 888 52
219 837 491 896 praeteritos
516 835 724 882 consules
748 850 846 882 esse
870 835 1031 883 factos.
1106 835 1198 882 Sed
1233 835 1345 894 quid
1374 850 1461 900 ego
1490 835 1721 881 aedilicias

219 918 425 979 repulsas
461 917 656 977 colligo?
691 933 808 977 quae
842 932 976 977 saepe
1013 918 1111 964 eius
1141 917 1268 964 modi
1299 917 1486 964 habitae
1519 921 1641 976 sunt,
1668 921 1723 964 ut
1836 849 1846 1028 ¹

220 1002 290 1061 iis,
318 1002 398 1060 qui
421 1001 660 1061 praeteriti
685 1003 851 1058 essent,
878 999 1076 1058 benigne
1101 1015 1129 1046 a
1152 999 1322 1059 populo
1352 1000 1528 1046 factum
1550 1000 1723 1046 videre-

221 1088 312 1132 tur.
385 1083 617 1130 Tribunus
653 1082 858 1128 militum
893 1082 944 1128 L.
981 1081 1240 1142 Philippus,
1268 1097 1450 1128 summa
1480 1082 1724 1129 nobilitate
1749 1104 1789 1125 10

221 1170 269 1213 et
293 1165 566 1225 eloquentia,
595 1168 810 1224 quaestor
847 1163 896 1211 O.
927 1163 1125 1222 Caelius,
1154 1164 1434 1210 clarissimus
1458 1179 1510 1210 ac
1534 1164 1724 1210 fortissi-

222 1264 325 1295 mus
371 1248 651 1306 adulescens,
696 1247 872 1294 tribuni
919 1245 1068 1306 plebis
1110 1246 1162 1294 P.
1207 1246 1416 1293 Rutilius
1463 1246 1628 1305 Rufus,
1670 1245 1722 1294 G.

224 1332 441 1390 Fimbria,
477 1330 526 1378 O.
569 1329 767 1387 Cassius,
807 1329 891 1376 On.
932 1329 1119 1376 Orestes
1154 1328 1268 1375 facti
1302 1344 1394 1375 non
1430 1333 1569 1376 sunt:
1612 1343 1726 1387 quos

223 1418 378 1461 tamen
421 1428 577 1460 omnes
618 1411 826 1459 consules
867 1411 1016 1458 factos
1058 1412 1227 1458 scimus
1268 1426 1377 1459 esse.
1470 1411 1598 1468 Quae
1637 1411 1727 1457 tibi

222 1497 346 1543 ultro
393 1500 525 1556 pater
571 1498 618 1542 et
665 1495 861 1541 maiores
908 1494 980 1540 tui
1022 1509 1115 1540 non
1156 1493 1420 1540 consolandi
1467 1494 1537 1539 tui
1578 1494 1728 1552 gratia
1751 1516 1788 1544 15

224 1580 392 1636 dicent,
418 1593 565 1638 neque
587 1592 696 1625 vero
729 1592 820 1637 quo
852 1580 900 1624 te
934 1576 1134 1623 liberent
1158 1576 1313 1636 aliqua
1336 1575 1482 1635 culpa,
1510 1591 1649 1635 quam
1674 1579 1728 1621 tu

224 1662 406 1721 vereris,
446 1675 503 1707 ne
538 1676 566 1707 a
601 1663 648 1706 te
683 1663 898 1719 suscepta
931 1659 1158 1719 videatur,
1198 1658 1280 1706 sed
1315 1662 1369 1705 ut
1403 1662 1451 1705 te
1486 1657 1545 1704 ad
1585 1658 1728 1703 istum

225 1759 408 1791 cursum
433 1742 698 1802 tenendum,
726 1757 863 1801 quem
889 1757 916 1787 a
939 1742 1089 1801 prima
1114 1745 1268 1788 aetate
1293 1741 1547 1801 suscepisti,
1577 1740 1729 1786 cohor-

225 1830 396 1874 tentur.
427 1809 431 1816 ¹
472 1824 606 1871 Nihil
646 1828 718 1871 est
759 1824 895 1883 enim,
934 1823 1053 1869 mihi
1088 1823 1232 1883 crede,
1273 1823 1551 1881 LaterensiS,
1590 1822 1649 1869 de
1683 1826 1730 1871 te

227 1909 501 1955 detractum.
575 1907 854 1953 Detractum
891 1905 1029 1952 dico?
1063 1905 1104 1951 si
1139 1921 1212 1952 me
1247 1906 1431 1952 hercule
1466 1920 1572 1951 vere
1607 1904 1731 1964 quod
1755 1928 1795 1949 20

228 1991 393 2038 accidit
441 1989 736 2049 interpretari
776 1988 905 2046 veliS,
946 1991 1016 2035 est
1057 1988 1235 2047 aliquid
1276 1988 1416 2035 etiam
1459 1987 1516 2034 de
1557 1988 1731 2033 virtute

229 2073 538 2133 significatum
597 2076 692 2119 tua.
787 2070 952 2118 XXII.
1003 2070 1115 2117 Noli
1161 2071 1282 2117 enim
1330 2070 1594 2117 existimare
1639 2085 1731 2116 non

230 2171 449 2215 magnum
485 2154 715 2214 quendam
740 2157 918 2200 motum
951 2153 1092 2199 fuisse
1115 2152 1241 2199 illius
1265 2153 1503 2212 petitionis
1528 2157 1648 2211 tuae,
1676 2153 1732 2199 de

231 2254 321 2298 qua
367 2253 423 2284 ne
469 2236 647 2296 aliquid
694 2236 867 2282 iurares
914 2235 1149 2281 destitisti.
1247 2234 1551 2281 Denuntiasti
1596 2234 1733 2280 homo

232 2320 509 2377 adulescens,
549 2318 661 2378 quid
696 2318 752 2364 de
789 2332 970 2364 summa
1004 2331 1052 2363 re
1087 2316 1272 2376 publica
1306 2317 1531 2364 sentires:
1567 2316 1733 2363 fortius
1757 2338 1796 2368 25

233 2407 287 2449 tu
304 2403 490 2462 quidem
515 2416 654 2460 quam
672 2399 884 2446 nonnulli
907 2399 1117 2446 defuncti
1140 2398 1403 2456 honoribus,
1425 2399 1504 2445 sed
1529 2399 1734 2458 apertius

234 2500 373 2545 quam
407 2483 482 2530 vel
523 2483 788 2529 ambitionis
823 2481 898 2528 vel
935 2482 1102 2528 aetatis
1144 2484 1253 2527 tuae
1288 2482 1407 2527 ratio
1448 2480 1730 2540 postulabat.

154 2572 212 2617 53
236 2567 386 2624 Quam
417 2567 476 2612 ob
510 2580 606 2612 rem
640 2565 690 2610 in
722 2563 1024 2610 dissentiente
1059 2563 1228 2622 populo
1260 2562 1355 2608 noli
1390 2566 1553 2622 putare
1582 2562 1734 2608 nullos

236 2649 390 2707 fuisse,
419 2663 612 2707 quorum
635 2647 812 2693 animos
835 2649 946 2692 tuus
977 2645 1055 2691 ille
1087 2645 1220 2691 fortis
1249 2645 1431 2690 animus
1456 2645 1732 2691 offenderet:

238 2732 316 2789 qui
333 2735 379 2777 te
398 2731 634 2776 incautum
649 2729 844 2775 fortasse
858 2730 980 2774 1111110
998 2731 1080 2774 tuo
1094 2726 1192 2773 loco
1207 2725 1449 2772 demovere
1467 2730 1730 2785 potuerunt,
1759 2753 1800 2781 30
