1846 2996
51 2394 60 2430 1

124 1314 181 1360 19

205 196 267 243 19-
646 193 704 235 Μ.
737 194 908 235 TULLI
940 193 1246 234 CICERONIS
1607 195 1696 236 §19

203 326 391 373 Plancio
425 328 603 386 generis
637 328 780 373 vestri
815 327 1107 387 familiaeque
1143 327 1389 385 contentio,
1416 341 1507 386 qua
1535 326 1617 372 abs
1652 331 1701 372 10

199 409 413 460 vincitur.
490 407 606 471 (Gur
646 410 767 455 enim
808 424 899 456 non
941 410 1158 455 confitear
1199 409 1320 469 quod
1362 423 1542 455 necesse
1577 412 1648 454 est
1662 406 1699 471 2)

203 490 294 537 Sed
328 507 418 537 non
454 491 529 536 hic
564 492 709 550 magis
745 507 884 550 quam
920 506 1003 550 ego
1035 507 1063 538 a
1097 492 1210 538 meis
1243 490 1619 551 competitoribus
1653 494 1701 536 et

201 572 315 619 alias
350 577 397 619 et
432 573 480 618 in
515 572 780 619 consulatus
815 573 1038 632 petitione
1075 573 1301 619 vincebar.
1371 573 1463 620 Sed
1502 573 1608 619 vide
1644 587 1701 618 ne

204 654 315 700 haec
349 655 461 714 ipsa,
497 669 615 714 quae
649 654 857 714 despicis,
892 654 1000 701 huic
1033 655 1287 714 suffragata.
1320 656 1444 713 sint3
1480 655 1545 700 sic
1579 654 1701 700 enim

203 737 501 783 conseramus.
575 736 661 782 Est
686 741 820 782 tuum
839 751 1004 782 nomen
1024 740 1219 796 utraque
1243 737 1420 783 familia
1438 736 1672 783 consulare
1691 753 1701 782 ε

204 833 316 864 1111111
357 818 543 864 dubitas
584 819 739 877 igitur,
780 818 892 877 quin
929 833 1097 876 01111108,
1136 819 1216 877 qui
1256 818 1416 865 favent
1450 817 1699 876 nobilitati,

203 900 283 959 qui
322 900 370 946 id
410 904 579 959 putant
620 915 718 946 esse
758 900 1130 959 pulcherrimum,
1175 901 1254 959 qui
1294 888 1584 960 imaginibus,
1623 900 1703 958 qui

202 983 466 1028 nominibus
481 983 647 1029 vestris
666 982 909 1041 ducuntur,
930 986 976 1028 te
992 982 1188 1028 aedilem
1206 982 1428 1029 fecerint‘l
1476 981 1703 1041 Equidem

202 1080 293 1110 non
333 1064 508 1111 dubito.
584 1064 676 1111 Sed
710 1065 750 1110 si
784 1079 947 1123 parum
981 1064 1119 1110 multi
1154 1069 1264 1110 sunt
1295 1065 1376 1124 qui
1411 1064 1703 1110 nobilitatem

146 1180 149 1183 ι
203 1151 370 1205 ament,
399 1162 511 1193 num
542 1148 634 1193 ista
657 1151 728 1193 est
751 1151 910 1193 nostra
934 1147 1099 1206 culpa?
1168 1147 1356 1193 Etenim
1388 1146 1447 1192 ad
1482 1150 1621 1205 caput
1656 1150 1704 1192 et

203 1229 262 1275 ad
286 1229 461 1274 fontem
485 1229 663 1287 generis
686 1229 927 1287 utriusque
952 1229 1203 1276 veniamus

287 1310 427 1358 VIII.
469 1310 540 1356 Tu
571 1326 618 1356 08
654 1326 678 1356 0
713 1310 963 1370 municipio
995 1310 1318 1369 antiquissimo
1351 1309 1622 1370 TusculanO,
1648 1324 1705 1356 ex

203 1407 293 1451 quo
340 1396 449 1437 sunt
495 1392 720 1451 plurimae
767 1392 970 1438 familiae
1011 1391 1283 1450 consulares,
1328 1392 1376 1437 in
1419 1393 1586 1451 quibus
1632 1396 1704 1438 est

203 1475 343 1520 etiam
370 1475 615 1533 Iuventia3
651 1478 736 1533 tot,
765 1478 878 1534 quot
907 1489 964 1521 ex
986 1474 1174 1534 reliquis
1206 1474 1468 1534 municipiis
1492 1473 1704 1520 omnibus

204 1571 293 1602 non
318 1560 439 1603 sunt.
516 1557 606 1602 Hic
631 1561 702 1602 est
726 1572 749 1603 e
774 1556 1060 1615 praefectura
1084 1556 1280 1615 Atinati,
1304 1571 1396 1602 non
1420 1560 1518 1602 tam
1542 1556 1702 1615 prisca,

203 1653 294 1684 non
352 1642 448 1684 tam
507 1638 742 1696 honorata,
793 1654 885 1684 non
937 1643 1034 1684 tam
1093 1639 1367 1685 suburbana.
1467 1638 1703 1695 Quantum

204 1721 422 1767 interesse
473 1721 545 1766 vis
598 1721 656 1766 ad
705 1721 931 1767 rationem
977 1720 1199 1780 petendi?
1290 1721 1499 1766 Primum
1545 1725 1702 1766 utrum

205 1804 350 1862 magis
383 1803 534 1848 favere
564 1807 701 1861 putas
727 1802 945 1848 Atinates
971 1818 1030 1848 an
1059 1803 1340 1852 Tusculanos
1370 1803 1496 1849 811182
1552 1802 1704 1849 Alteri

204 1885 385 1931 —scire
408 1886 530 1931 enim
555 1885 640 1931 hoc
663 1889 851 1944 propter
870 1885 1161 1932 vicinitatem
1186 1886 1318 1932 facile
1342 1900 1701 1945 possum—cum

205 1967 341 2013 huius
361 1967 642 2013 ornatissimi
667 1971 807 2027 atque
828 1968 991 2027 optimi
1015 1969 1114 2026 viri,
1139 1968 1221 2016 Cn.
1251 1968 1502 2027 Saturnini,
1524 1971 1704 2027 patrem

205 2048 412 2108 aedilem,
446 2065 549 2095 cum
586 2053 842 2109 praetorem
878 2051 1110 2109 viderunt,
1137 2051 1258 2109 quod
1289 2051 1464 2109 primus
1498 2049 1576 2095 ille
1611 2064 1703 2095 non

205 2132 339 2178 modo
368 2132 416 2177 in
441 2147 541 2178 eam
570 2132 808 2190 familiam,
837 2132 917 2179 sed
952 2134 1093 2179 etiam
1128 2133 1176 2177 in
1210 2132 1544 2191 praefecturam
1577 2131 1704 2177 illam

206 2214 365 2260 sellam
403 2214 607 2261 curulem
646 2215 893 2274 attulisset,
930 2214 1190 2273 mirandum
1231 2215 1278 2259 in
1320 2214 1506 2260 modum
1542 2213 1704 2260 laetati

207 2300 346 2354 sunt,
405 2297 803 2355 alteros—credo,
854 2297 963 2356 quia
1011 2297 1232 2343 refertum
1283 2299 1354 2342 est
1402 2295 1704 2355 municipium

207 2379 533 2439 consularibus,
554 2395 660 2425 nam
677 2379 915 2425 malivolos
930 2393 1021 2424 non
1040 2393 1137 2424 esse
1152 2381 1276 2424 certo
1291 2378 1703 2436 scio—numquam

128 2461 187 2507 20
207 2461 416 2508 intellexi
443 2461 762 2508 vehementius
790 2475 976 2506 suorum
1010 2459 1178 2504 honore
1213 2458 1390 2505 laetari.
1464 2458 1704 2505 Habemus

207 2543 292 2590 hoc
327 2558 422 2602 nos,
450 2542 624 2589 habent
659 2545 815 2587 nostra
850 2539 1111 2599 municipia.
1187 2539 1309 2596 Quid
1338 2555 1421 2599 ego
1453 2540 1509 2586 de
1533 2555 1618 2597 me,
1646 2540 1703 2586 de

208 2625 349 2670 fratre
390 2640 491 2670 meo
531 2622 724 2683 loquar‘l
773 2636 969 2681 quorum
1008 2621 1257 2667 honoribus
1296 2622 1395 2680 agri
1435 2621 1524 2680 ipsi
1563 2635 1703 2680 prope

208 2706 357 2752 dicam
392 2710 659 2764 montesque
692 2707 916 2753 faverunt.
992 2703 1122 2749 Num
1156 2702 1340 2761 quando
1374 2702 1502 2748 vides
1533 2702 1700 2747 Tuscu·
1727 2723 1769 2752 30
1823 2710 1837 2755 5

1728 1085 1768 1105 10

1731 1496 1766 1525 15

1726 1908 1765 1929 20

1729 2311 1768 2342 ²5

1843 1441 1846 1459 ἵ

1842 1467 1846 1474 v

1835 1818 1846 2168 1

1823 2171 1846 2622 l

1844 2857 1846 2902 1
