<?xml version="1.0" encoding="UTF-8"?>
<!DOCTYPE html PUBLIC "-//W3C//DTD XHTML 1.0 Transitional//EN"
    "http://www.w3.org/TR/xhtml1/DTD/xhtml1-transitional.dtd">
<html xmlns="http://www.w3.org/1999/xhtml" xml:lang="en" lang="en">
 <head>
  <title>
</title>
<meta http-equiv="Content-Type" content="text/html;charset=utf-8" />
  <meta name='ocr-system' content='tesseract 3.04.00' />
  <meta name='ocr-capabilities' content='ocr_page ocr_carea ocr_par ocr_line ocrx_word'/>
</head>
<body>
  <div class='ocr_page' id='page_1' title='image "./proplancioedited00ciceuoft_0097.png"; bbox 0 0 1846 2996; ppageno 0'>
   <div class='ocr_carea' id='block_1_1' title="bbox 122 161 1622 205">
    <p class='ocr_par' dir='ltr' id='par_1_1' title="bbox 122 161 1622 205">
     <span class='ocr_line' id='line_1_1' title="bbox 122 161 1622 205; baseline -0.002 -1"><span class='ocrx_word' id='word_1_1' title='bbox 122 163 211 205; x_wconf 67' lang='lat'>§18</span> <span class='ocrx_word' id='word_1_2' title='bbox 489 161 597 202; x_wconf 80' lang='lat' dir='ltr'>PRO</span> <span class='ocrx_word' id='word_1_3' title='bbox 629 162 717 202; x_wconf 83' lang='lat' dir='ltr'>CN.</span> <span class='ocrx_word' id='word_1_4' title='bbox 762 161 1010 203; x_wconf 85' lang='lat' dir='ltr'>PLANCIO</span> <span class='ocrx_word' id='word_1_5' title='bbox 1042 161 1254 202; x_wconf 87' lang='lat' dir='ltr'><strong>ORATIO</strong></span> <span class='ocrx_word' id='word_1_6' title='bbox 1598 162 1622 201; x_wconf 92' lang='lat'>9</span> 
     </span>
    </p>
   </div>
   <div class='ocr_carea' id='block_1_2' title="bbox 81 292 1678 929">
    <p class='ocr_par' dir='ltr' id='par_1_2' title="bbox 121 292 1627 599">
     <span class='ocr_line' id='line_1_2' title="bbox 121 292 1626 353; baseline -0.001 -14"><span class='ocrx_word' id='word_1_7' title='bbox 121 294 169 339; x_wconf 89' lang='lat' dir='ltr'>in</span> <span class='ocrx_word' id='word_1_8' title='bbox 194 293 361 340; x_wconf 91' lang='lat' dir='ltr'>iudicio</span> <span class='ocrx_word' id='word_1_9' title='bbox 386 297 440 340; x_wconf 91' lang='lat' dir='ltr'>ut</span> <span class='ocrx_word' id='word_1_10' title='bbox 463 293 547 340; x_wconf 82' lang='lat' dir='ltr'>fiat</span> <span class='ocrx_word' id='word_1_11' title='bbox 571 294 799 353; x_wconf 75' lang='lat' dir='ltr'>exprimiS‚</span> <span class='ocrx_word' id='word_1_12' title='bbox 830 293 951 353; x_wconf 91' lang='lat' dir='ltr'>quod</span> <span class='ocrx_word' id='word_1_13' title='bbox 975 308 1067 340; x_wconf 92' lang='lat' dir='ltr'>non</span> <span class='ocrx_word' id='word_1_14' title='bbox 1091 293 1146 339; x_wconf 90' lang='lat' dir='ltr'>fit</span> <span class='ocrx_word' id='word_1_15' title='bbox 1169 293 1217 339; x_wconf 91' lang='lat' dir='ltr'>in</span> <span class='ocrx_word' id='word_1_16' title='bbox 1243 292 1434 352; x_wconf 66' lang='lat' dir='ltr'>campo?</span> <span class='ocrx_word' id='word_1_17' title='bbox 1507 292 1626 338; x_wconf 93' lang='lat' dir='ltr'>‘Hic</span> 
     </span>
     <span class='ocr_line' id='line_1_3' title="bbox 122 374 1626 436; baseline -0.001 -15"><span class='ocrx_word' id='word_1_18' title='bbox 122 390 261 436; x_wconf 87' lang='lat' dir='ltr'>quam</span> <span class='ocrx_word' id='word_1_19' title='bbox 293 375 370 422; x_wconf 91' lang='lat' dir='ltr'>ille</span> <span class='ocrx_word' id='word_1_20' title='bbox 406 376 611 435; x_wconf 84' lang='lat' dir='ltr'>dignior’</span> <span class='ocrx_word' id='word_1_21' title='bbox 636 391 855 435; x_wconf 83' lang='lat' dir='ltr'>perquam</span> <span class='ocrx_word' id='word_1_22' title='bbox 880 391 1019 435; x_wconf 87' lang='lat' dir='ltr'>grave</span> <span class='ocrx_word' id='word_1_23' title='bbox 1044 380 1114 422; x_wconf 88' lang='lat' dir='ltr'>est</span> <span class='ocrx_word' id='word_1_24' title='bbox 1146 375 1289 423; x_wconf 79' lang='lat' dir='ltr'>dictu.</span> <span class='ocrx_word' id='word_1_25' title='bbox 1364 374 1465 431; x_wconf 78' lang='lat' dir='ltr'>Quo</span> <span class='ocrx_word' id='word_1_26' title='bbox 1490 374 1626 420; x_wconf 91' lang='lat' dir='ltr'>modo</span> 
     </span>
     <span class='ocr_line' id='line_1_4' title="bbox 121 456 1625 518; baseline -0.001 -15"><span class='ocrx_word' id='word_1_27' title='bbox 121 458 265 516; x_wconf 86' lang='lat' dir='ltr'>igitur</span> <span class='ocrx_word' id='word_1_28' title='bbox 289 461 359 504; x_wconf 89' lang='lat' dir='ltr'>est</span> <span class='ocrx_word' id='word_1_29' title='bbox 384 458 607 518; x_wconf 65' lang='lat' dir='ltr'>aequius?</span> <span class='ocrx_word' id='word_1_30' title='bbox 659 457 734 504; x_wconf 81' lang='lat' dir='ltr'>Sic</span> <span class='ocrx_word' id='word_1_31' title='bbox 752 458 885 504; x_wconf 91' lang='lat' dir='ltr'>credo</span> <span class='ocrx_word' id='word_1_32' title='bbox 906 476 915 506; x_wconf 89' lang='lat'>:</span> <span class='ocrx_word' id='word_1_33' title='bbox 949 458 1071 518; x_wconf 92' lang='lat' dir='ltr'>quod</span> <span class='ocrx_word' id='word_1_34' title='bbox 1096 458 1262 518; x_wconf 88' lang='lat' dir='ltr'>agitur,</span> <span class='ocrx_word' id='word_1_35' title='bbox 1282 456 1406 517; x_wconf 87' lang='lat' dir='ltr'>quod</span> <span class='ocrx_word' id='word_1_36' title='bbox 1424 457 1538 502; x_wconf 86' lang='lat' dir='ltr'>satis</span> <span class='ocrx_word' id='word_1_37' title='bbox 1553 460 1625 502; x_wconf 85' lang='lat' dir='ltr'>est</span> 
     </span>
     <span class='ocr_line' id='line_1_5' title="bbox 122 538 1627 599; baseline -0.001 -14"><span class='ocrx_word' id='word_1_38' title='bbox 122 539 289 587; x_wconf 90' lang='lat' dir='ltr'>iudici:</span> <span class='ocrx_word' id='word_1_39' title='bbox 331 540 449 586; x_wconf 91' lang='lat' dir='ltr'>‘Hic</span> <span class='ocrx_word' id='word_1_40' title='bbox 473 541 623 586; x_wconf 85' lang='lat' dir='ltr'>factus</span> <span class='ocrx_word' id='word_1_41' title='bbox 649 541 749 587; x_wconf 81' lang='lat' dir='ltr'>est.&#39;</span> <span class='ocrx_word' id='word_1_42' title='bbox 805 539 900 587; x_wconf 82' lang='lat' dir='ltr'>Gur</span> <span class='ocrx_word' id='word_1_43' title='bbox 923 540 1011 587; x_wconf 90' lang='lat' dir='ltr'>iste</span> <span class='ocrx_word' id='word_1_44' title='bbox 1032 541 1187 599; x_wconf 89' lang='lat' dir='ltr'>potius</span> <span class='ocrx_word' id='word_1_45' title='bbox 1206 554 1345 599; x_wconf 88' lang='lat' dir='ltr'>quam</span> <span class='ocrx_word' id='word_1_46' title='bbox 1370 539 1484 598; x_wconf 74' lang='lat' dir='ltr'>ego‘l</span> <span class='ocrx_word' id='word_1_47' title='bbox 1536 538 1627 584; x_wconf 89' lang='lat' dir='ltr'>Vel</span> 
     </span>
    </p>

    <p class='ocr_par' dir='ltr' id='par_1_3' title="bbox 81 621 1678 929">
     <span class='ocr_line' id='line_1_6' title="bbox 81 621 1625 683; baseline -0.003 -12"><span class='ocrx_word' id='word_1_48' title='bbox 81 641 98 671; x_wconf 89' lang='lat'>5</span> <span class='ocrx_word' id='word_1_49' title='bbox 122 622 274 668; x_wconf 91' lang='lat' dir='ltr'>nescio</span> <span class='ocrx_word' id='word_1_50' title='bbox 305 622 379 668; x_wconf 89' lang='lat' dir='ltr'>vel</span> <span class='ocrx_word' id='word_1_51' title='bbox 412 637 503 668; x_wconf 92' lang='lat' dir='ltr'>non</span> <span class='ocrx_word' id='word_1_52' title='bbox 535 622 635 668; x_wconf 91' lang='lat' dir='ltr'>dico</span> <span class='ocrx_word' id='word_1_53' title='bbox 663 622 738 668; x_wconf 91' lang='lat' dir='ltr'>vel</span> <span class='ocrx_word' id='word_1_54' title='bbox 763 622 971 682; x_wconf 90' lang='lat' dir='ltr'>denique,</span> <span class='ocrx_word' id='word_1_55' title='bbox 1001 623 1123 683; x_wconf 94' lang='lat' dir='ltr'>quod</span> <span class='ocrx_word' id='word_1_56' title='bbox 1158 622 1273 668; x_wconf 92' lang='lat' dir='ltr'>mihi</span> <span class='ocrx_word' id='word_1_57' title='bbox 1300 621 1625 682; x_wconf 87' lang='lat' dir='ltr'>gravissimum</span> 
     </span>
     <span class='ocr_line' id='line_1_7' title="bbox 123 703 1626 764; baseline -0.001 -14"><span class='ocrx_word' id='word_1_58' title='bbox 123 708 256 763; x_wconf 90' lang='lat' dir='ltr'>esset,</span> <span class='ocrx_word' id='word_1_59' title='bbox 279 705 320 750; x_wconf 88' lang='lat' dir='ltr'>si</span> <span class='ocrx_word' id='word_1_60' title='bbox 339 704 548 764; x_wconf 80' lang='lat' dir='ltr'><strong>dicerem,</strong></span> <span class='ocrx_word' id='word_1_61' title='bbox 567 704 647 751; x_wconf 93' lang='lat' dir='ltr'>sed</span> <span class='ocrx_word' id='word_1_62' title='bbox 666 705 852 764; x_wconf 90' lang='lat' dir='ltr'>impune</span> <span class='ocrx_word' id='word_1_63' title='bbox 871 710 1027 752; x_wconf 87' lang='lat' dir='ltr'>tamen</span> <span class='ocrx_word' id='word_1_64' title='bbox 1047 705 1259 751; x_wconf 82' lang='lat' dir='ltr'>deberem</span> <span class='ocrx_word' id='word_1_65' title='bbox 1278 705 1427 751; x_wconf 90' lang='lat' dir='ltr'>dicere</span> <span class='ocrx_word' id='word_1_66' title='bbox 1447 721 1456 751; x_wconf 93' lang='lat'>:</span> <span class='ocrx_word' id='word_1_67' title='bbox 1489 706 1500 727; x_wconf 91' lang='lat'>‘</span> <span class='ocrx_word' id='word_1_68' title='bbox 1518 703 1626 750; x_wconf 92' lang='lat' dir='ltr'>Non</span> 
     </span>
     <span class='ocr_line' id='line_1_8' title="bbox 123 786 1627 847; baseline -0.001 -15"><span class='ocrx_word' id='word_1_69' title='bbox 123 787 275 845; x_wconf 87' lang='lat' dir='ltr'>recte,&#39;</span> <span class='ocrx_word' id='word_1_70' title='bbox 308 802 420 833; x_wconf 91' lang='lat' dir='ltr'>num</span> <span class='ocrx_word' id='word_1_71' title='bbox 452 787 563 846; x_wconf 85' lang='lat' dir='ltr'>quid</span> <span class='ocrx_word' id='word_1_72' title='bbox 596 787 905 847; x_wconf 83' lang='lat' dir='ltr'>adsequerere,</span> <span class='ocrx_word' id='word_1_73' title='bbox 939 788 978 833; x_wconf 91' lang='lat' dir='ltr'>si</span> <span class='ocrx_word' id='word_1_74' title='bbox 1015 787 1097 833; x_wconf 88' lang='lat' dir='ltr'>illa</span> <span class='ocrx_word' id='word_1_75' title='bbox 1128 791 1334 833; x_wconf 88' lang='lat' dir='ltr'>extrema</span> <span class='ocrx_word' id='word_1_76' title='bbox 1364 786 1627 833; x_wconf 89' lang='lat' dir='ltr'>defensione</span> 
     </span>
     <span class='ocr_line' id='line_1_9' title="bbox 123 867 1678 929; baseline 0 -15"><span class='ocrx_word' id='word_1_77' title='bbox 123 873 290 927; x_wconf 86' lang='lat' dir='ltr'>uterer,</span> <span class='ocrx_word' id='word_1_78' title='bbox 309 869 530 929; x_wconf 92' lang='lat' dir='ltr'>populum</span> <span class='ocrx_word' id='word_1_79' title='bbox 546 869 668 929; x_wconf 94' lang='lat' dir='ltr'>quod</span> <span class='ocrx_word' id='word_1_80' title='bbox 683 869 906 916; x_wconf 89' lang='lat' dir='ltr'>voluisset</span> <span class='ocrx_word' id='word_1_81' title='bbox 923 869 1098 928; x_wconf 88' lang='lat' dir='ltr'>fecisse,</span> <span class='ocrx_word' id='word_1_82' title='bbox 1117 884 1208 915; x_wconf 91' lang='lat' dir='ltr'>non</span> <span class='ocrx_word' id='word_1_83' title='bbox 1225 868 1347 929; x_wconf 90' lang='lat' dir='ltr'>quod</span> <span class='ocrx_word' id='word_1_84' title='bbox 1362 868 1597 915; x_wconf 87' lang='lat' dir='ltr'>debuisset</span> <span class='ocrx_word' id='word_1_85' title='bbox 1613 867 1629 914; x_wconf 76' lang='lat' dir='ltr'>‘l</span> <span class='ocrx_word' id='word_1_86' title='bbox 1675 899 1678 902; x_wconf 88' lang='lat'><em>-</em></span> 
     </span>
    </p>
   </div>
   <div class='ocr_carea' id='block_1_3' title="bbox 123 1011 1629 1325">
    <p class='ocr_par' dir='ltr' id='par_1_4' title="bbox 123 1011 1629 1325">
     <span class='ocr_line' id='line_1_10' title="bbox 123 1011 1624 1064; baseline 0 -13"><span class='ocrx_word' id='word_1_87' title='bbox 123 1014 166 1062; x_wconf 66' lang='grc' dir='ltr'>ἓξ</span> <span class='ocrx_word' id='word_1_88' title='bbox 190 1011 332 1054; x_wconf 84' lang='grc'>17-22.</span> <span class='ocrx_word' id='word_1_89' title='bbox 371 1013 516 1062; x_wconf 78' lang='lat' dir='ltr'>Cicero,</span> <span class='ocrx_word' id='word_1_90' title='bbox 543 1014 651 1064; x_wconf 75' lang='lat' dir='ltr'>after</span> <span class='ocrx_word' id='word_1_91' title='bbox 668 1015 823 1064; x_wconf 71' lang='lat' dir='ltr'>statinq</span> <span class='ocrx_word' id='word_1_92' title='bbox 852 1013 940 1053; x_wconf 75' lang='lat' dir='ltr'>that</span> <span class='ocrx_word' id='word_1_93' title='bbox 959 1014 1006 1053; x_wconf 78' lang='lat' dir='ltr'>he</span> <span class='ocrx_word' id='word_1_94' title='bbox 1027 1014 1119 1053; x_wconf 80' lang='lat' dir='ltr'>will</span> <span class='ocrx_word' id='word_1_95' title='bbox 1142 1017 1210 1052; x_wconf 74' lang='lat' dir='ltr'>not</span> <span class='ocrx_word' id='word_1_96' title='bbox 1233 1026 1418 1064; x_wconf 75' lang='lat' dir='ltr'>compare</span> <span class='ocrx_word' id='word_1_97' title='bbox 1447 1012 1510 1052; x_wconf 76' lang='lat' dir='ltr'>the</span> <span class='ocrx_word' id='word_1_98' title='bbox 1532 1025 1624 1063; x_wconf 77' lang='lat' dir='ltr'>per—</span> 
     </span>
     <span class='ocr_line' id='line_1_11' title="bbox 232 1077 1628 1130; baseline -0.001 -13"><span class='ocrx_word' id='word_1_99' title='bbox 232 1078 351 1117; x_wconf 77' lang='lat' dir='ltr'>sonal</span> <span class='ocrx_word' id='word_1_100' title='bbox 378 1079 520 1117; x_wconf 70' lang='lat' dir='ltr'>‘meritc</span> <span class='ocrx_word' id='word_1_101' title='bbox 549 1079 596 1130; x_wconf 88' lang='lat' dir='ltr'>of</span> <span class='ocrx_word' id='word_1_102' title='bbox 617 1079 819 1118; x_wconf 76' lang='lat' dir='ltr'>Plancius</span> <span class='ocrx_word' id='word_1_103' title='bbox 848 1079 934 1118; x_wconf 77' lang='lat' dir='ltr'>and</span> <span class='ocrx_word' id='word_1_104' title='bbox 963 1079 1209 1127; x_wconf 71' lang='lat' dir='ltr'>Laterensis,</span> <span class='ocrx_word' id='word_1_105' title='bbox 1237 1079 1425 1129; x_wconf 75' lang='lat' dir='ltr'>proceeds</span> <span class='ocrx_word' id='word_1_106' title='bbox 1453 1082 1491 1117; x_wconf 76' lang='lat' dir='ltr'>to</span> <span class='ocrx_word' id='word_1_107' title='bbox 1518 1077 1628 1117; x_wconf 75' lang='lat' dir='ltr'>show</span> 
     </span>
     <span class='ocr_line' id='line_1_12' title="bbox 232 1143 1629 1195; baseline 0 -13"><span class='ocrx_word' id='word_1_108' title='bbox 232 1143 319 1182; x_wconf 73' lang='lat' dir='ltr'>that</span> <span class='ocrx_word' id='word_1_109' title='bbox 339 1143 540 1183; x_wconf 75' lang='lat' dir='ltr'><em>Plancius</em></span> <span class='ocrx_word' id='word_1_110' title='bbox 559 1157 650 1183; x_wconf 88' lang='lat' dir='ltr'>won</span> <span class='ocrx_word' id='word_1_111' title='bbox 668 1145 735 1183; x_wconf 76' lang='lat' dir='ltr'>his</span> <span class='ocrx_word' id='word_1_112' title='bbox 754 1145 919 1184; x_wconf 74' lang='lat' dir='ltr'>election</span> <span class='ocrx_word' id='word_1_113' title='bbox 935 1146 983 1183; x_wconf 82' lang='lat' dir='ltr'>in</span> <span class='ocrx_word' id='word_1_114' title='bbox 1002 1157 1029 1183; x_wconf 77' lang='lat' dir='ltr'>a</span> <span class='ocrx_word' id='word_1_115' title='bbox 1037 1146 1139 1195; x_wconf 82' lang='lat' dir='ltr'>sair</span> <span class='ocrx_word' id='word_1_116' title='bbox 1158 1144 1244 1183; x_wconf 75' lang='lat' dir='ltr'>and</span> <span class='ocrx_word' id='word_1_117' title='bbox 1263 1145 1392 1183; x_wconf 65' lang='lat' dir='ltr'>&#39;ecsual</span> <span class='ocrx_word' id='word_1_118' title='bbox 1411 1156 1504 1194; x_wconf 72' lang='lat' dir='ltr'>way</span> <span class='ocrx_word' id='word_1_119' title='bbox 1516 1158 1533 1191; x_wconf 91' lang='lat'><em>;</em></span> <span class='ocrx_word' id='word_1_120' title='bbox 1561 1143 1629 1182; x_wconf 75' lang='lat' dir='ltr'>his</span> 
     </span>
     <span class='ocr_line' id='line_1_13' title="bbox 232 1209 1628 1260; baseline 0 -13"><span class='ocrx_word' id='word_1_121' title='bbox 232 1209 467 1259; x_wconf 72' lang='lat' dir='ltr'>equestrian</span> <span class='ocrx_word' id='word_1_122' title='bbox 485 1209 596 1248; x_wconf 69' lang='lat' dir='ltr'>‘rank</span> <span class='ocrx_word' id='word_1_123' title='bbox 616 1209 759 1259; x_wconf 79' lang='lat' dir='ltr'>helped</span> <span class='ocrx_word' id='word_1_124' title='bbox 784 1210 875 1248; x_wconf 74' lang='lat' dir='ltr'>him</span> <span class='ocrx_word' id='word_1_125' title='bbox 888 1225 906 1257; x_wconf 87' lang='lat'><em>;</em></span> <span class='ocrx_word' id='word_1_126' title='bbox 934 1210 982 1248; x_wconf 75' lang='lat' dir='ltr'>he</span> <span class='ocrx_word' id='word_1_127' title='bbox 1002 1222 1087 1248; x_wconf 78' lang='lat' dir='ltr'>was</span> <span class='ocrx_word' id='word_1_128' title='bbox 1106 1210 1324 1260; x_wconf 75' lang='lat' dir='ltr'>supported</span> <span class='ocrx_word' id='word_1_129' title='bbox 1344 1209 1392 1260; x_wconf 71' lang='lat' dir='ltr'>by</span> <span class='ocrx_word' id='word_1_130' title='bbox 1411 1209 1474 1248; x_wconf 75' lang='lat' dir='ltr'>the</span> <span class='ocrx_word' id='word_1_131' title='bbox 1486 1210 1628 1259; x_wconf 82' lang='lat' dir='ltr'>people</span> 
     </span>
     <span class='ocr_line' id='line_1_14' title="bbox 233 1274 1322 1325; baseline 0.001 -12"><span class='ocrx_word' id='word_1_132' title='bbox 233 1275 281 1325; x_wconf 76' lang='lat' dir='ltr'>of</span> <span class='ocrx_word' id='word_1_133' title='bbox 293 1275 432 1314; x_wconf 76' lang='lat' dir='ltr'>Atina</span> <span class='ocrx_word' id='word_1_134' title='bbox 451 1275 538 1314; x_wconf 82' lang='lat' dir='ltr'>and</span> <span class='ocrx_word' id='word_1_135' title='bbox 557 1274 669 1314; x_wconf 73' lang='lat' dir='ltr'>other</span> <span class='ocrx_word' id='word_1_136' title='bbox 689 1279 814 1314; x_wconf 77' lang='lat' dir='ltr'>towns</span> <span class='ocrx_word' id='word_1_137' title='bbox 833 1276 882 1314; x_wconf 78' lang='lat' dir='ltr'>in</span> <span class='ocrx_word' id='word_1_138' title='bbox 902 1275 965 1314; x_wconf 73' lang='lat' dir='ltr'>the</span> <span class='ocrx_word' id='word_1_139' title='bbox 984 1274 1322 1325; x_wconf 66' lang='lat' dir='ltr'>neiqhbourhood.</span> 
     </span>
    </p>
   </div>
   <div class='ocr_carea' id='block_1_4' title="bbox 62 1361 1709 2741">
    <p class='ocr_par' dir='ltr' id='par_1_5' title="bbox 209 1361 1709 1422">
     <span class='ocr_line' id='line_1_15' title="bbox 209 1361 1709 1422; baseline -0.001 -14"><span class='ocrx_word' id='word_1_140' title='bbox 209 1361 320 1409; x_wconf 92' lang='lat' dir='ltr'><strong>VII.</strong></span> <span class='ocrx_word' id='word_1_141' title='bbox 363 1362 517 1419; x_wconf 63' lang='lat' dir='ltr'>Quid?</span> <span class='ocrx_word' id='word_1_142' title='bbox 551 1364 590 1408; x_wconf 89' lang='lat' dir='ltr'>si</span> <span class='ocrx_word' id='word_1_143' title='bbox 626 1363 784 1422; x_wconf 89' lang='lat' dir='ltr'>populi</span> <span class='ocrx_word' id='word_1_144' title='bbox 819 1363 995 1409; x_wconf 83' lang='lat' dir='ltr'>factum</span> <span class='ocrx_word' id='word_1_145' title='bbox 1038 1362 1246 1420; x_wconf 87' lang='lat' dir='ltr'>defendo,</span> <span class='ocrx_word' id='word_1_146' title='bbox 1275 1363 1552 1421; x_wconf 76' lang='lat' dir='ltr'>Laterensis,</span> <span class='ocrx_word' id='word_1_147' title='bbox 1581 1366 1629 1408; x_wconf 85' lang='lat' dir='ltr'>et</span> <span class='ocrx_word' id='word_1_148' title='bbox 1653 1372 1709 1419; x_wconf 83' lang='lat'>17</span> 
     </span>
    </p>

    <p class='ocr_par' dir='ltr' id='par_1_6' title="bbox 72 1443 1630 1835">
     <span class='ocr_line' id='line_1_16' title="bbox 72 1443 1629 1504; baseline 0 -14"><span class='ocrx_word' id='word_1_149' title='bbox 72 1443 261 1490; x_wconf 84' lang='lat' dir='ltr'>xodoceo</span> <span class='ocrx_word' id='word_1_150' title='bbox 299 1444 382 1491; x_wconf 84' lang='lat' dir='ltr'>Cn.</span> <span class='ocrx_word' id='word_1_151' title='bbox 412 1444 654 1491; x_wconf 86' lang='lat' dir='ltr'>Plancium</span> <span class='ocrx_word' id='word_1_152' title='bbox 689 1460 780 1491; x_wconf 90' lang='lat' dir='ltr'>non</span> <span class='ocrx_word' id='word_1_153' title='bbox 817 1445 1071 1504; x_wconf 87' lang='lat' dir='ltr'>obrepsisse</span> <span class='ocrx_word' id='word_1_154' title='bbox 1105 1445 1164 1491; x_wconf 89' lang='lat' dir='ltr'>ad</span> <span class='ocrx_word' id='word_1_155' title='bbox 1201 1445 1432 1504; x_wconf 85' lang='lat' dir='ltr'>honorem,</span> <span class='ocrx_word' id='word_1_156' title='bbox 1460 1445 1540 1491; x_wconf 87' lang='lat' dir='ltr'>sed</span> <span class='ocrx_word' id='word_1_157' title='bbox 1577 1460 1629 1490; x_wconf 92' lang='grc'>00</span> 
     </span>
     <span class='ocr_line' id='line_1_17' title="bbox 123 1525 1629 1587; baseline 0.001 -15"><span class='ocrx_word' id='word_1_158' title='bbox 123 1527 301 1573; x_wconf 89' lang='lat' dir='ltr'>venisse</span> <span class='ocrx_word' id='word_1_159' title='bbox 338 1542 485 1585; x_wconf 91' lang='lat' dir='ltr'>cursu,</span> <span class='ocrx_word' id='word_1_160' title='bbox 526 1527 606 1586; x_wconf 92' lang='lat' dir='ltr'>qui</span> <span class='ocrx_word' id='word_1_161' title='bbox 640 1542 819 1587; x_wconf 91' lang='lat' dir='ltr'>semper</span> <span class='ocrx_word' id='word_1_162' title='bbox 853 1527 1057 1586; x_wconf 89' lang='lat' dir='ltr'>patuerit</span> <span class='ocrx_word' id='word_1_163' title='bbox 1093 1526 1357 1573; x_wconf 91' lang='lat' dir='ltr'>hominibus</span> <span class='ocrx_word' id='word_1_164' title='bbox 1393 1527 1505 1572; x_wconf 89' lang='lat' dir='ltr'>ortis</span> <span class='ocrx_word' id='word_1_165' title='bbox 1542 1525 1629 1573; x_wconf 91' lang='lat' dir='ltr'>hoc</span> 
     </span>
     <span class='ocr_line' id='line_1_18' title="bbox 122 1610 1628 1669; baseline 0.001 -15"><span class='ocrx_word' id='word_1_166' title='bbox 122 1613 280 1656; x_wconf 90' lang='lat' dir='ltr'>nostro</span> <span class='ocrx_word' id='word_1_167' title='bbox 327 1611 529 1669; x_wconf 76' lang='lat' dir='ltr'>equestri</span> <span class='ocrx_word' id='word_1_168' title='bbox 579 1611 706 1657; x_wconf 92' lang='lat' dir='ltr'>loco:</span> <span class='ocrx_word' id='word_1_169' title='bbox 766 1625 1011 1669; x_wconf 90' lang='lat' dir='ltr'>possumne</span> <span class='ocrx_word' id='word_1_170' title='bbox 1059 1610 1230 1669; x_wconf 89' lang='lat' dir='ltr'>eripere</span> <span class='ocrx_word' id='word_1_171' title='bbox 1278 1610 1474 1655; x_wconf 86' lang='lat' dir='ltr'>orationi</span> <span class='ocrx_word' id='word_1_172' title='bbox 1520 1613 1628 1656; x_wconf 86' lang='lat' dir='ltr'>tuae</span> 
     </span>
     <span class='ocr_line' id='line_1_19' title="bbox 123 1692 1628 1752; baseline 0 -14"><span class='ocrx_word' id='word_1_173' title='bbox 123 1693 464 1739; x_wconf 77' lang='lat' dir='ltr'>contentionem</span> <span class='ocrx_word' id='word_1_174' title='bbox 488 1697 708 1750; x_wconf 86' lang='lat' dir='ltr'>vestrum,</span> <span class='ocrx_word' id='word_1_175' title='bbox 736 1708 852 1752; x_wconf 88' lang='lat' dir='ltr'>quae</span> <span class='ocrx_word' id='word_1_176' title='bbox 888 1693 1078 1738; x_wconf 87' lang='lat' dir='ltr'>tractari</span> <span class='ocrx_word' id='word_1_177' title='bbox 1110 1693 1207 1739; x_wconf 89' lang='lat' dir='ltr'>sine</span> <span class='ocrx_word' id='word_1_178' title='bbox 1236 1692 1514 1739; x_wconf 87' lang='lat' dir='ltr'>contumelia</span> <span class='ocrx_word' id='word_1_179' title='bbox 1536 1708 1628 1738; x_wconf 91' lang='lat' dir='ltr'>non</span> 
     </span>
     <span class='ocr_line' id='line_1_20' title="bbox 122 1775 1630 1835; baseline 0 -14"><span class='ocrx_word' id='word_1_180' title='bbox 122 1779 288 1834; x_wconf 88' lang='lat' dir='ltr'>potest,</span> <span class='ocrx_word' id='word_1_181' title='bbox 316 1779 364 1822; x_wconf 89' lang='lat' dir='ltr'>et</span> <span class='ocrx_word' id='word_1_182' title='bbox 399 1780 446 1822; x_wconf 88' lang='lat' dir='ltr'>te</span> <span class='ocrx_word' id='word_1_183' title='bbox 482 1775 542 1822; x_wconf 91' lang='lat' dir='ltr'>ad</span> <span class='ocrx_word' id='word_1_184' title='bbox 578 1791 762 1822; x_wconf 89' lang='lat' dir='ltr'>causam</span> <span class='ocrx_word' id='word_1_185' title='bbox 798 1775 1047 1834; x_wconf 86' lang='lat' dir='ltr'>aliquando</span> <span class='ocrx_word' id='word_1_186' title='bbox 1080 1776 1341 1835; x_wconf 87' lang='lat' dir='ltr'>crimenque</span> <span class='ocrx_word' id='word_1_187' title='bbox 1376 1775 1630 1822; x_wconf 66' lang='lat' dir='ltr'>deducere?</span> 
     </span>
    </p>

    <p class='ocr_par' dir='ltr' id='par_1_7' title="bbox 63 1856 1629 2246">
     <span class='ocr_line' id='line_1_21' title="bbox 63 1856 1625 1918; baseline 0.001 -16"><span class='ocrx_word' id='word_1_188' title='bbox 63 1872 100 1902; x_wconf 87' lang='lat'>15</span> <span class='ocrx_word' id='word_1_189' title='bbox 125 1856 186 1916; x_wconf 80' lang='lat' dir='ltr'>Si,</span> <span class='ocrx_word' id='word_1_190' title='bbox 216 1858 336 1918; x_wconf 92' lang='lat' dir='ltr'>quod</span> <span class='ocrx_word' id='word_1_191' title='bbox 373 1859 543 1918; x_wconf 89' lang='lat' dir='ltr'>equitis</span> <span class='ocrx_word' id='word_1_192' title='bbox 579 1859 778 1905; x_wconf 85' lang='lat' dir='ltr'>Romani</span> <span class='ocrx_word' id='word_1_193' title='bbox 813 1858 936 1904; x_wconf 90' lang='lat' dir='ltr'>filius</span> <span class='ocrx_word' id='word_1_194' title='bbox 972 1861 1056 1916; x_wconf 90' lang='lat' dir='ltr'>est,</span> <span class='ocrx_word' id='word_1_195' title='bbox 1095 1857 1283 1903; x_wconf 90' lang='lat' dir='ltr'>inferior</span> <span class='ocrx_word' id='word_1_196' title='bbox 1317 1872 1415 1904; x_wconf 90' lang='lat' dir='ltr'>esse</span> <span class='ocrx_word' id='word_1_197' title='bbox 1450 1857 1625 1914; x_wconf 89' lang='lat' dir='ltr'>debuit,</span> 
     </span>
     <span class='ocr_line' id='line_1_22' title="bbox 123 1938 1629 1999; baseline -0.001 -13"><span class='ocrx_word' id='word_1_198' title='bbox 123 1955 279 1986; x_wconf 90' lang='lat' dir='ltr'>omnes</span> <span class='ocrx_word' id='word_1_199' title='bbox 298 1944 450 1986; x_wconf 91' lang='lat' dir='ltr'>tecum</span> <span class='ocrx_word' id='word_1_200' title='bbox 471 1941 680 1999; x_wconf 89' lang='lat' dir='ltr'>equitum</span> <span class='ocrx_word' id='word_1_201' title='bbox 700 1940 1015 1986; x_wconf 85' lang='lat' dir='ltr'>Romanorum</span> <span class='ocrx_word' id='word_1_202' title='bbox 1039 1938 1125 1985; x_wconf 92' lang='lat' dir='ltr'>filii</span> <span class='ocrx_word' id='word_1_203' title='bbox 1142 1940 1419 1998; x_wconf 89' lang='lat' dir='ltr'>petiverunt.</span> <span class='ocrx_word' id='word_1_204' title='bbox 1495 1938 1629 1986; x_wconf 89' lang='lat' dir='ltr'>Nihil</span> 
     </span>
     <span class='ocr_line' id='line_1_23' title="bbox 123 2021 1629 2083; baseline 0 -16"><span class='ocrx_word' id='word_1_205' title='bbox 123 2021 224 2068; x_wconf 88' lang='lat' dir='ltr'>dico</span> <span class='ocrx_word' id='word_1_206' title='bbox 264 2022 462 2082; x_wconf 88' lang='lat' dir='ltr'>amplius</span> <span class='ocrx_word' id='word_1_207' title='bbox 479 2040 493 2083; x_wconf 77' lang='lat'><em>3</em></span> <span class='ocrx_word' id='word_1_208' title='bbox 540 2023 626 2069; x_wconf 92' lang='lat' dir='ltr'>hoc</span> <span class='ocrx_word' id='word_1_209' title='bbox 667 2028 824 2070; x_wconf 84' lang='lat' dir='ltr'>tamen</span> <span class='ocrx_word' id='word_1_210' title='bbox 864 2022 1018 2079; x_wconf 88' lang='lat' dir='ltr'>miror,</span> <span class='ocrx_word' id='word_1_211' title='bbox 1062 2037 1142 2068; x_wconf 90' lang='lat' dir='ltr'>cur</span> <span class='ocrx_word' id='word_1_212' title='bbox 1182 2021 1289 2068; x_wconf 89' lang='lat' dir='ltr'>huic</span> <span class='ocrx_word' id='word_1_213' title='bbox 1335 2021 1629 2081; x_wconf 89' lang='lat' dir='ltr'>potissimum</span> 
     </span>
     <span class='ocr_line' id='line_1_24' title="bbox 123 2103 1624 2164; baseline 0.001 -15"><span class='ocrx_word' id='word_1_214' title='bbox 123 2103 329 2163; x_wconf 85' lang='lat' dir='ltr'>irascare,</span> <span class='ocrx_word' id='word_1_215' title='bbox 359 2105 438 2164; x_wconf 91' lang='lat' dir='ltr'>qui</span> <span class='ocrx_word' id='word_1_216' title='bbox 465 2104 729 2164; x_wconf 85' lang='lat' dir='ltr'>longissime</span> <span class='ocrx_word' id='word_1_217' title='bbox 754 2121 782 2151; x_wconf 89' lang='lat' dir='ltr'>a</span> <span class='ocrx_word' id='word_1_218' title='bbox 806 2109 853 2151; x_wconf 88' lang='lat' dir='ltr'>te</span> <span class='ocrx_word' id='word_1_219' title='bbox 877 2104 1009 2151; x_wconf 84' lang='lat' dir='ltr'>afuit.</span> <span class='ocrx_word' id='word_1_220' title='bbox 1083 2104 1325 2164; x_wconf 88' lang='lat' dir='ltr'>Equidem,</span> <span class='ocrx_word' id='word_1_221' title='bbox 1354 2105 1393 2150; x_wconf 89' lang='lat' dir='ltr'>si</span> <span class='ocrx_word' id='word_1_222' title='bbox 1429 2104 1624 2163; x_wconf 87' lang='lat' dir='ltr'>quando,</span> 
     </span>
     <span class='ocr_line' id='line_1_25' title="bbox 123 2186 1629 2246; baseline 0 -15"><span class='ocrx_word' id='word_1_223' title='bbox 123 2189 177 2231; x_wconf 89' lang='lat' dir='ltr'>ut</span> <span class='ocrx_word' id='word_1_224' title='bbox 200 2186 267 2246; x_wconf 91' lang='lat' dir='ltr'>fit,</span> <span class='ocrx_word' id='word_1_225' title='bbox 290 2188 434 2233; x_wconf 87' lang='lat' dir='ltr'>iactor</span> <span class='ocrx_word' id='word_1_226' title='bbox 458 2188 505 2233; x_wconf 91' lang='lat' dir='ltr'>in</span> <span class='ocrx_word' id='word_1_227' title='bbox 531 2187 681 2246; x_wconf 88' lang='lat' dir='ltr'>turba,</span> <span class='ocrx_word' id='word_1_228' title='bbox 704 2203 796 2233; x_wconf 93' lang='lat' dir='ltr'>non</span> <span class='ocrx_word' id='word_1_229' title='bbox 820 2186 952 2232; x_wconf 87' lang='lat' dir='ltr'>illum</span> <span class='ocrx_word' id='word_1_230' title='bbox 978 2201 1152 2244; x_wconf 89' lang='lat' dir='ltr'>accuso,</span> <span class='ocrx_word' id='word_1_231' title='bbox 1176 2187 1257 2245; x_wconf 91' lang='lat' dir='ltr'>qui</span> <span class='ocrx_word' id='word_1_232' title='bbox 1280 2190 1351 2232; x_wconf 89' lang='lat' dir='ltr'>est</span> <span class='ocrx_word' id='word_1_233' title='bbox 1375 2186 1422 2231; x_wconf 91' lang='lat' dir='ltr'>in</span> <span class='ocrx_word' id='word_1_234' title='bbox 1448 2201 1629 2232; x_wconf 86' lang='lat' dir='ltr'>summa</span> 
     </span>
    </p>

    <p class='ocr_par' dir='ltr' id='par_1_8' title="bbox 62 2267 1631 2657">
     <span class='ocr_line' id='line_1_26' title="bbox 62 2267 1629 2328; baseline 0.001 -14"><span class='ocrx_word' id='word_1_235' title='bbox 62 2286 102 2307; x_wconf 90' lang='lat'>20</span> <span class='ocrx_word' id='word_1_236' title='bbox 124 2283 251 2314; x_wconf 88' lang='lat' dir='ltr'>sacra</span> <span class='ocrx_word' id='word_1_237' title='bbox 285 2269 374 2327; x_wconf 88' lang='lat' dir='ltr'>via,</span> <span class='ocrx_word' id='word_1_238' title='bbox 414 2284 518 2315; x_wconf 94' lang='lat' dir='ltr'>cum</span> <span class='ocrx_word' id='word_1_239' title='bbox 560 2285 642 2328; x_wconf 89' lang='lat' dir='ltr'>ego</span> <span class='ocrx_word' id='word_1_240' title='bbox 684 2269 744 2315; x_wconf 87' lang='lat' dir='ltr'>ad</span> <span class='ocrx_word' id='word_1_241' title='bbox 787 2268 984 2314; x_wconf 90' lang='lat' dir='ltr'>Fabium</span> <span class='ocrx_word' id='word_1_242' title='bbox 1025 2268 1244 2314; x_wconf 88' lang='lat' dir='ltr'>fornicem</span> <span class='ocrx_word' id='word_1_243' title='bbox 1285 2267 1509 2327; x_wconf 91' lang='lat' dir='ltr'>impellor,</span> <span class='ocrx_word' id='word_1_244' title='bbox 1549 2269 1629 2315; x_wconf 91' lang='lat' dir='ltr'>sed</span> 
     </span>
     <span class='ocr_line' id='line_1_27' title="bbox 124 2350 1629 2411; baseline 0 -15"><span class='ocrx_word' id='word_1_245' title='bbox 124 2365 242 2409; x_wconf 89' lang='lat' dir='ltr'>eum,</span> <span class='ocrx_word' id='word_1_246' title='bbox 271 2351 350 2410; x_wconf 93' lang='lat' dir='ltr'>qui</span> <span class='ocrx_word' id='word_1_247' title='bbox 378 2351 426 2396; x_wconf 88' lang='lat' dir='ltr'>in</span> <span class='ocrx_word' id='word_1_248' title='bbox 450 2367 523 2398; x_wconf 91' lang='grc'>1110</span> <span class='ocrx_word' id='word_1_249' title='bbox 556 2351 709 2411; x_wconf 90' lang='lat' dir='ltr'>ipsum</span> <span class='ocrx_word' id='word_1_250' title='bbox 746 2351 939 2397; x_wconf 86' lang='lat' dir='ltr'>incurrit</span> <span class='ocrx_word' id='word_1_251' title='bbox 972 2354 1111 2410; x_wconf 88' lang='lat' dir='ltr'>atque</span> <span class='ocrx_word' id='word_1_252' title='bbox 1136 2351 1312 2397; x_wconf 90' lang='lat' dir='ltr'>incidit.</span> <span class='ocrx_word' id='word_1_253' title='bbox 1387 2350 1459 2396; x_wconf 88' lang='lat' dir='ltr'>Tu</span> <span class='ocrx_word' id='word_1_254' title='bbox 1482 2366 1629 2410; x_wconf 92' lang='lat' dir='ltr'>neque</span> 
     </span>
     <span class='ocr_line' id='line_1_28' title="bbox 125 2432 1624 2492; baseline 0.001 -13"><span class='ocrx_word' id='word_1_255' title='bbox 125 2432 179 2489; x_wconf 78' lang='lat' dir='ltr'>Q.</span> <span class='ocrx_word' id='word_1_256' title='bbox 226 2433 379 2491; x_wconf 89' lang='lat' dir='ltr'>Pedio,</span> <span class='ocrx_word' id='word_1_257' title='bbox 424 2433 534 2479; x_wconf 85' lang='lat' dir='ltr'>forti</span> <span class='ocrx_word' id='word_1_258' title='bbox 581 2435 692 2492; x_wconf 90' lang='lat' dir='ltr'>viro,</span> <span class='ocrx_word' id='word_1_259' title='bbox 738 2449 973 2480; x_wconf 87' lang='lat' dir='ltr'>suscenses</span> <span class='ocrx_word' id='word_1_260' title='bbox 1013 2448 1160 2492; x_wconf 89' lang='lat' dir='ltr'>neque</span> <span class='ocrx_word' id='word_1_261' title='bbox 1203 2433 1310 2479; x_wconf 94' lang='lat' dir='ltr'>huic</span> <span class='ocrx_word' id='word_1_262' title='bbox 1356 2432 1412 2480; x_wconf 89' lang='lat' dir='ltr'>A.</span> <span class='ocrx_word' id='word_1_263' title='bbox 1459 2433 1624 2492; x_wconf 87' lang='lat' dir='ltr'>Plotio,</span> 
     </span>
     <span class='ocr_line' id='line_1_29' title="bbox 124 2515 1631 2574; baseline 0.001 -14"><span class='ocrx_word' id='word_1_264' title='bbox 124 2515 414 2560; x_wconf 87' lang='lat' dir='ltr'>ornatissimo</span> <span class='ocrx_word' id='word_1_265' title='bbox 461 2515 637 2561; x_wconf 90' lang='lat' dir='ltr'>homini</span> <span class='ocrx_word' id='word_1_266' title='bbox 683 2515 902 2561; x_wconf 88' lang='lat' dir='ltr'>familiari</span> <span class='ocrx_word' id='word_1_267' title='bbox 950 2530 1065 2571; x_wconf 89' lang='lat' dir='ltr'>me0,</span> <span class='ocrx_word' id='word_1_268' title='bbox 1109 2519 1156 2561; x_wconf 86' lang='lat' dir='ltr'>et</span> <span class='ocrx_word' id='word_1_269' title='bbox 1204 2515 1262 2561; x_wconf 89' lang='lat' dir='ltr'>ab</span> <span class='ocrx_word' id='word_1_270' title='bbox 1311 2530 1374 2573; x_wconf 90' lang='grc'>00,</span> <span class='ocrx_word' id='word_1_271' title='bbox 1421 2516 1501 2574; x_wconf 91' lang='lat' dir='ltr'>qui</span> <span class='ocrx_word' id='word_1_272' title='bbox 1547 2515 1631 2562; x_wconf 90' lang='lat' dir='ltr'>hos</span> 
     </span>
     <span class='ocr_line' id='line_1_30' title="bbox 125 2597 1629 2657; baseline 0.001 -15"><span class='ocrx_word' id='word_1_273' title='bbox 125 2597 334 2654; x_wconf 88' lang='lat' dir='ltr'>dimovit,</span> <span class='ocrx_word' id='word_1_274' title='bbox 362 2598 515 2656; x_wconf 82' lang='lat' dir='ltr'>potius</span> <span class='ocrx_word' id='word_1_275' title='bbox 541 2613 680 2657; x_wconf 83' lang='lat' dir='ltr'>quam</span> <span class='ocrx_word' id='word_1_276' title='bbox 705 2598 764 2644; x_wconf 89' lang='lat' dir='ltr'>ab</span> <span class='ocrx_word' id='word_1_277' title='bbox 788 2599 858 2656; x_wconf 89' lang='lat' dir='ltr'>iis,</span> <span class='ocrx_word' id='word_1_278' title='bbox 882 2598 961 2656; x_wconf 86' lang='lat' dir='ltr'>qui</span> <span class='ocrx_word' id='word_1_279' title='bbox 985 2598 1034 2643; x_wconf 92' lang='lat' dir='ltr'>in</span> <span class='ocrx_word' id='word_1_280' title='bbox 1058 2602 1105 2643; x_wconf 90' lang='lat' dir='ltr'>te</span> <span class='ocrx_word' id='word_1_281' title='bbox 1130 2598 1282 2657; x_wconf 91' lang='lat' dir='ltr'>ipsum</span> <span class='ocrx_word' id='word_1_282' title='bbox 1307 2598 1629 2655; x_wconf 89' lang='lat' dir='ltr'>incubuerunt,</span> 
     </span>
    </p>

    <p class='ocr_par' dir='ltr' id='par_1_9' title="bbox 62 2679 1709 2741">
     <span class='ocr_line' id='line_1_31' title="bbox 62 2679 1709 2741; baseline 0.004 -16"><span class='ocrx_word' id='word_1_283' title='bbox 62 2697 100 2726; x_wconf 86' lang='lat'>25</span> <span class='ocrx_word' id='word_1_284' title='bbox 125 2683 171 2726; x_wconf 88' lang='lat' dir='ltr'>te</span> <span class='ocrx_word' id='word_1_285' title='bbox 207 2679 450 2739; x_wconf 88' lang='lat' dir='ltr'>depulsum</span> <span class='ocrx_word' id='word_1_286' title='bbox 485 2685 634 2740; x_wconf 88' lang='lat' dir='ltr'>putas.</span> <span class='ocrx_word' id='word_1_287' title='bbox 711 2680 802 2728; x_wconf 85' lang='lat' dir='ltr'>Sed</span> <span class='ocrx_word' id='word_1_288' title='bbox 827 2685 982 2727; x_wconf 87' lang='lat' dir='ltr'>tamen</span> <span class='ocrx_word' id='word_1_289' title='bbox 1009 2680 1121 2727; x_wconf 86' lang='lat' dir='ltr'>haec</span> <span class='ocrx_word' id='word_1_290' title='bbox 1146 2680 1232 2726; x_wconf 88' lang='lat' dir='ltr'>tibi</span> <span class='ocrx_word' id='word_1_291' title='bbox 1257 2684 1328 2727; x_wconf 88' lang='lat' dir='ltr'>est</span> <span class='ocrx_word' id='word_1_292' title='bbox 1351 2682 1502 2741; x_wconf 89' lang='lat' dir='ltr'>prima</span> <span class='ocrx_word' id='word_1_293' title='bbox 1525 2697 1629 2728; x_wconf 91' lang='lat' dir='ltr'>cum</span> <span class='ocrx_word' id='word_1_294' title='bbox 1654 2685 1709 2731; x_wconf 88' lang='lat'>18</span> 
     </span>
    </p>
   </div>
  </div>
 </body>
</html>
