1846 2996
514 854 582 905 M.
622 853 832 903 TULLI
870 852 1236 903 CICERONIS

251 1019 425 1081 PRO
488 1019 618 1080 ΟΝ.
684 1017 1090 1078 PLANCIO
1153 1016 1491 1078 ORATIO

125 1254 168 1302 ἓξ
190 1253 279 1292 1-4.
342 1252 474 1302 Many
492 1252 540 1303 of
557 1263 627 1302 my
647 1251 819 1290 enemies
838 1263 909 1289 are
935 1251 1177 1301 supportinq
1195 1250 1278 1290 this
1297 1251 1441 1301 charye
1465 1251 1630 1301 aqainst

233 1318 434 1357 Plancius
463 1317 616 1367 merely
645 1316 806 1355 because
837 1317 883 1366 of
905 1316 971 1355 his
1000 1316 1195 1355 kindness
1225 1320 1263 1355 to
1293 1329 1356 1355 me
1384 1316 1543 1366 during)
1562 1328 1632 1366 my

234 1383 337 1422 exile
351 1398 367 1430 ;
406 1382 498 1432 they
526 1381 631 1421 wish
665 1385 702 1420 to
739 1381 866 1420 striloe
895 1384 939 1419 at
969 1394 1032 1420 ‘me
1063 1381 1240 1431 throuqh
1272 1381 1474 1420 Plancius
1486 1396 1503 1428 ,·
1543 1393 1629 1420 con-

233 1448 450 1499 sequanam,
485 1448 534 1486 in
571 1447 832 1496 vindicatinq
860 1458 932 1497 my
962 1446 1118 1485 client's
1150 1447 1361 1485 imzocence
1392 1447 1424 1485 I
1449 1446 1562 1485 shall
1591 1446 1631 1484 be

235 1513 452 1563 compelled
485 1516 522 1551 to
554 1524 630 1563 say
657 1524 685 1551 α
721 1512 820 1563 qood
850 1512 946 1551 deal
977 1512 1027 1550 in
1055 1511 1337 1562 justzfication
1367 1513 1414 1563 qf
1441 1524 1512 1562 ‘my
1543 1524 1633 1551 own

236 1579 362 1617 deeds.

131 1700 249 1747 CUM
273 1703 459 1760 propter
482 1700 710 1759 egregiam
734 1703 782 1746 et
806 1698 1085 1758 singularem
1111 1697 1195 1746 On.
1225 1698 1416 1756 Plancii‚
1444 1698 1630 1758 iudices,
1658 1706 1684 1751 1

129 1783 176 1829 in
213 1797 316 1829 mea
350 1782 500 1829 salute
537 1781 836 1828 custodienda
876 1781 1015 1828 fidem
1058 1785 1157 1827 tam
1193 1781 1365 1827 multos
1402 1785 1450 1827 et
1491 1781 1636 1827 bonos

130 1865 252 1911 viros
276 1865 372 1911 eius
403 1864 566 1910 honori
597 1864 801 1910 viderem
835 1878 932 1910 esse
968 1863 1186 1920 fautoreS‚
1215 1863 1450 1922 capiebam
1484 1864 1636 1908 animo

130 1962 221 1992 non
262 1946 534 1993 mediocrem
575 1946 877 2006 voluptatem,
925 1945 1048 2005 quod
1095 1945 1226 1991 cuius
1274 1945 1474 1991 officium
1521 1945 1637 1991 mihi

93 2048 110 2078 5
131 2029 271 2075 saluti
306 2029 481 2086 fuisset,
510 2029 552 2075 ei
580 2044 784 2075 meorum
819 2033 1078 2087 temporum
1104 2028 1371 2074 memoriam
1396 2027 1637 2086 suffragari

132 2112 359 2158 videbam.
435 2111 554 2158 Oum
590 2116 746 2158 autem
783 2111 991 2157 audirem
1034 2125 1158 2156 meos
1199 2111 1370 2170 partim
1412 2110 1633 2169 inimicos,

133 2194 303 2253 partim
334 2194 516 2240 invidos
553 2194 659 2240 huic
693 2194 972 2240 accusationi
997 2208 1093 2239 esse
1125 2194 1330 2239 fautores
1355 2193 1637 2252 eandemque

134 2291 230 2322 rem
269 2277 580 2323 adversariam
621 2291 718 2322 esse
759 2277 806 2322 in
849 2275 1016 2322 iudicio
1060 2275 1143 2322 On.
1190 2275 1392 2334 Plancio,
1432 2290 1548 2334 quae
1590 2276 1637 2320 in

135 2358 356 2417 petitione
403 2358 569 2405 fuisset
615 2358 831 2416 adiutrix,
883 2357 1108 2417 dolebam,
1154 2358 1339 2415 iudices,
1386 2361 1433 2403 et
1479 2357 1638 2404 acerbe

75 2462 114 2482 10
135 2439 349 2499 ferebam,
378 2441 416 2486 si
452 2440 589 2486 huius
625 2440 748 2487 salus
785 2441 843 2486 ob
878 2455 979 2486 eam
1014 2441 1162 2500 ipsam
1195 2455 1379 2485 causam
1415 2444 1535 2486 esset
1571 2441 1638 2486 in-

135 2522 306 2581 festior,
326 2522 448 2581 quod
467 2522 507 2568 is
524 2537 673 2568 meam
693 2522 890 2568 salutem
909 2526 1048 2581 atque
1063 2523 1209 2568 vitam
1226 2537 1310 2567 sua
1327 2521 1640 2568 benivolentia

138 2603 362 2662 praesidio
419 2604 716 2663 custodiaque
775 2604 977 2650 texisset.
1071 2603 1209 2649 Nunc
1260 2608 1417 2650 autem
1468 2609 1634 2662 vester,
1661 2611 1689 2656 2

139 2684 322 2742 iudices,
368 2690 635 2745 conspectus
681 2690 728 2732 et
776 2700 1012 2731 consessus
1058 2686 1146 2732 iste
1188 2686 1334 2732 reficit
1376 2690 1423 2732 et
1464 2691 1638 2733 recreat

274 2772 316 2817 ΞΕ
869 2778 899 2810 Β

47 2844 61 2934 ,1
76 2880 153 2934 ‘2⁹0
