1846 2996
229 202 291 247 50„
672 200 731 241 M.
753 173 936 242 ‘TULLI
969 199 1274 242 (nonnoms
1637 207 1655 246 ς
1675 203 1724 246 97

228 333 314 380 tali
350 334 438 379 civi
474 338 521 380 et
556 334 668 393 viro,
710 334 1068 380 benivolentiam
1102 335 1151 380 in
1185 350 1271 393 me,
1310 337 1577 382 memoriam
1612 352 1729 383 com-

227 416 438 461 munium
479 419 753 474 temporum,
799 417 1034 475 pietatem,
1079 416 1432 476 humanitatem,
1476 418 1614 464 fidem
1655 419 1729 466 de·

227 497 369 543 fuisse
385 497 401 544 ’ἔ
457 496 606 556 Nihil,
626 497 812 556 iudices,
831 501 903 544 est
921 512 1078 544 eorum
1094 514 1108 557 3
1137 498 1230 556 sed,
1247 513 1386 558 quam
1404 503 1729 558 tempestatem

226 595 309 625 nos
333 579 570 626 vobiscum
593 594 685 625 non
721 580 1001 639 tulissemus,
1029 581 1211 639 metuit,
1238 585 1292 627 ut
1328 596 1429 627 eam
1453 582 1550 641 ipse
1574 587 1730 642 posset

227 662 389 721 opibus
414 662 508 707 suis
533 663 771 709 sustinere.
845 662 965 709 Tum
989 663 1179 709 consilio
1213 667 1400 723 repente
1435 668 1618 710 mutato
1641 665 1730 711 iter
1750 678 1772 711 5

146 744 202 790 97
226 759 253 789 a
277 743 459 789 Vibone
483 743 785 790 Brundisium
809 748 934 791 terra
967 748 1122 804 petere
1146 745 1373 792 contendi.
1447 746 1571 792 Nam
1596 747 1728 792 mari-

225 826 364 871 timos
388 840 547 871 cursus
571 826 900 885 praecludebat
922 826 1086 872 hiemis
1110 827 1395 886 magnitudO.

310 907 439 953 XLI.
481 907 600 953 Cum
636 908 790 953 omnia
824 907 907 953 illa
930 909 1192 968 municipia,
1221 924 1339 968 quae
1363 908 1474 955 sunt
1498 925 1525 956 a
1548 909 1729 958 Vibone

226 990 540 1047 Brundisium,
568 990 617 1035 in
641 990 732 1036 fide
756 1005 871 1048 mea,
898 991 1085 1048 iudices,
1112 994 1278 1049 essent,
1306 992 1396 1037 iter
1430 991 1544 1037 mihi
1573 996 1731 1039 tutum

225 1071 387 1118 multis
412 1072 741 1118 minitantibus
766 1087 933 1131 magno
963 1088 1069 1118 cum
1104 1088 1186 1119 suo
1219 1077 1350 1119 metu
1383 1075 1727 1132 praestiterunt.
1756 1099 1796 1121 10

227 1154 527 1200 Brundisium
550 1149 765 1201 veni'vel
799 1155 954 1214 potius
989 1155 1049 1201 ad
1083 1155 1264 1202 moenia
1299 1157 1480 1203 accessi.
1519 1179 1524 1184 ·
1553 1156 1732 1203 Urbem

226 1252 368 1282 unam
392 1237 508 1282 mihi
540 1237 867 1283 amicissimam
900 1237 1140 1296 declinavi,
1168 1252 1285 1296 quae
1320 1252 1368 1284 se
1402 1237 1543 1284 vellet
1578 1240 1732 1297 potius

226 1319 431 1365 exscindi
456 1335 596 1379 quam
613 1334 638 1366 0
657 1334 740 1365 suo
764 1319 1005 1379 complexu
1028 1324 1082 1366 ut
1107 1320 1304 1378 eriperer
1321 1319 1455 1366 facile
1479 1324 1726 1379 pateretur.

228 1401 285 1446 In
309 1401 468 1448 hortos
491 1417 565 1448 me
590 1402 657 1449 M.
691 1402 853 1448 Laenii
890 1401 1045 1448 Flacci
1080 1402 1267 1450 contuli.
1342 1401 1431 1448 Oui
1455 1417 1560 1448 cum
1583 1404 1733 1449 omnis

226 1487 392 1543 metus,
432 1484 683 1543 publicatio
718 1485 956 1543 bonorum,
990 1484 1192 1544 exilium,
1232 1499 1354 1530 mors
1388 1489 1728 1545 proponeretur,
1758 1502 1796 1533 15

225 1566 337 1612 haec
371 1567 562 1626 perpeti,
601 1567 642 1612 si
676 1567 945 1625 acciderent,
974 1567 1141 1612 maluit
1176 1581 1314 1626 quam
1351 1567 1608 1613 custodiam
1642 1569 1733 1614 mei

226 1650 390 1708 capitis
414 1649 661 1697 dimittere.
736 1649 882 1696 Cuius
906 1664 988 1708 ego
1024 1653 1071 1695 et
1106 1649 1310 1708 parentis
1335 1649 1447 1708 eius,
1475 1650 1733 1708 prudentis.

226 1732 332 1777 simi
367 1735 507 1791 atque
544 1731 709 1790 optimi
744 1732 878 1789 senis,
907 1735 954 1777 et
988 1731 1146 1777 fratris
1181 1735 1229 1777 et
1263 1732 1504 1790 utriusque
1529 1731 1728 1777 filiorum

226 1814 441 1860 manibus
464 1813 514 1859 in
541 1814 650 1859 navi
677 1817 784 1859 tuta
807 1828 859 1859 ac
883 1813 1009 1860 fideli
1034 1814 1281 1874 collocatus
1306 1803 1553 1872 eorumque
1576 1829 1730 1873 preces

226 1900 274 1942 et
298 1899 411 1942 vota
441 1895 498 1942 de
531 1910 632 1941 meo
667 1896 820 1941 reditu
855 1896 1105 1942 exaudiens
1138 1895 1458 1956 Dyrrachium,
1487 1896 1609 1955 quod
1633 1901 1732 1942 erat
1755 1920 1796 1942 20

145 1979 202 2024 98
226 1979 275 2023 in
293 1977 384 2024 fide
402 1993 517 2036 mea,
540 1981 695 2036 petere
715 1978 941 2024 contendi.
1017 1978 1119 2035 Quo
1138 1993 1242 2024 cum
1261 1979 1501 2037 venissem,
1524 1979 1727 2037 cognovi,

226 2059 275 2105 id
310 2059 433 2118 quod
474 2059 721 2116 audieram,
761 2059 977 2105 refertam
1019 2074 1116 2106 esse
1159 2059 1399 2106 Graeciam
1441 2059 1732 2106 sceleratissi-
1800 2047 1802 2050 ’

228 2155 406 2186 morum
441 2140 679 2186 hominum
715 2156 767 2186 ac
802 2140 1094 2198 nefariorum,
1123 2156 1317 2200 quorum
1341 2141 1536 2199 impium
1560 2142 1732 2187 ferrum

227 2223 445 2281 ignesque
480 2222 720 2281 pestiferos
744 2237 873 2268 meus
897 2222 975 2268 ille
1000 2223 1264 2269 consulatus
1289 2237 1313 2268 e
1337 2222 1550 2268 manibus
1585 2227 1732 2269 extor-

227 2307 380 2362 serat3
428 2303 507 2362 qui
537 2306 786 2362 antequam
819 2303 875 2350 de
904 2318 1005 2350 meo
1035 2303 1239 2350 adventu
1268 2303 1426 2350 audire
1454 2305 1728 2363 potuissent,
1757 2329 1775 2349 2

228 2401 332 2431 cum
369 2385 511 2431 etiam
548 2389 650 2430 tum
687 2385 901 2431 abessent
926 2384 1102 2443 aliquot
1127 2385 1306 2430 dierum
1331 2386 1468 2443 viam,
1497 2385 1545 2431 in
1581 2385 1734 2432 Mace-

228 2467 413 2513 doniam
448 2467 508 2512 ad
545 2467 874 2525 Planciumque
911 2467 1100 2525 perrexi.
1175 2466 1267 2512 Hic
1290 2482 1398 2512 vero
1427 2467 1565 2512 simul
1593 2471 1733 2527 atque

228 2564 354 2595 mare
390 2563 463 2594 me
501 2548 720 2594 transisse
763 2548 1170 2607 cognovit—audi,
1210 2548 1319 2594 audi
1356 2554 1494 2608 atque
1530 2549 1722 2596 attende

228 2630 503 2688 Laterensis,
527 2635 580 2676 ut
600 2631 715 2676 scias
740 2630 851 2689 quid
875 2645 959 2688 ego
985 2629 1172 2676 Plancio
1190 2630 1381 2677 debeam
1400 2631 1735 2692 confiteareque

228 2713 475 2772 aliquando
500 2728 573 2759 me
606 2712 729 2772 quod
754 2712 919 2759 faciam
957 2715 1004 2758 et
1038 2717 1169 2771 grate
1205 2717 1253 2759 et
1288 2714 1362 2773 pie
1397 2714 1544 2761 facere
1560 2732 1574 2774 3
1610 2716 1730 2775 huic,
