1846 2996
113 156 133 197 ἓ
152 154 203 195 38
478 149 586 191 PRO
618 148 708 190 CN.
744 149 993 192 PLANCIO
1024 148 1236 190 ORATIO
1562 149 1612 188 19

113 284 294 332 nomine
348 283 463 343 legis
510 283 726 342 Liciniae,
778 298 894 343 quae
942 287 1012 330 est
1059 283 1116 330 de
1162 282 1406 341 sodaliciis,
1457 297 1615 328 omnes

113 368 314 415 ambitus
360 366 484 425 leges
525 366 788 426 complexus
834 381 894 415 es,
987 365 1151 425 Neque
1192 366 1315 412 enim
1362 364 1618 429 quidquam-

113 449 239 496 aliud
273 449 322 495 in
357 448 444 495 hac
478 448 576 508 lege
607 449 696 494 nisi
732 448 942 495 editicios
974 448 1147 494 iudices
1171 463 1220 494 es
1243 450 1455 494 secutus:
1491 446 1615 506 quod

113 546 255 592 genus
291 531 564 577 iudiciorum
600 530 639 577 si
675 534 745 577 est
781 546 979 590 aequum
1013 530 1109 576 ulla
1143 530 1193 576 in
1227 545 1277 576 re·
1311 529 1400 575 nisi
1440 529 1489 575 in
1530 529 1616 575 hac

71 632 89 664 5
114 615 352 674 tribuaria,
380 630 470 661 non
504 614 733 673 intellego,
762 629 902 673 quam
927 614 985 660 ob
1009 629 1103 660 rem
1129 617 1317 660 senatus
1341 612 1428 659 hoc
1451 627 1542 658 uno
1566 612 1616 658 in

111 713 275 758 genere
311 697 460 743 tribus
496 696 569 743 edi
604 696 802 742 voluerit
838 696 898 742 ab
933 699 1194 742 accusatore
1235 710 1382 756 neque
1423 694 1616 742 eandem

112 780 362 827 editionem
398 778 690 826 transtulerit
726 780 774 824 in
810 782 982 825 ceteras
1016 793 1189 836 causas,
1217 778 1273 824 de
1297 778 1396 838 ipso
1420 777 1616 837 denique

113 861 293 908 ambitu
339 862 629 908 reiectionem
676 861 774 907 fieri
820 860 1019 908 voluerit
1066 861 1270 908 iudicum
1317 860 1612 920 alternorum,
1682 898 1684 901 ,

112 959 308 1003 cumque
353 943 534 990 nullum
580 958 724 1003 genus
771 943 1037 990 acerbitatis
1083 943 1487 1003 praetermitteret,
1531 941 1618 988 hoc

52 1044 91 1068 10
114 1030 268 1073 tamen
293 1042 436 1072 unum
467 1026 853 1086 praetereundum
885 1027 1075 1086 putarit.
1150 1026 1305 1083 Quidz
1338 1025 1527 1072 huiusce
1550 1026 1617 1072 rei
1639 1027 1698 1074 37

113 1109 303 1155 tandem
326 1109 518 1155 obscura
542 1124 679 1155 causa
702 1113 785 1167 est,
813 1124 873 1155 an
897 1113 945 1155 et
977 1109 1157 1168 agitata
1181 1113 1295 1167 tum,
1325 1124 1429 1155 cum
1453 1109 1545 1155 ista
1567 1109 1617 1154 in

112 1196 278 1238 senatu
295 1207 366 1238 res
385 1192 620 1251 agebatur,
643 1196 691 1239 et
715 1192 954 1252 disputata
976 1192 1192 1239 hesterno
1215 1192 1290 1238 die
1309 1191 1616 1251 copiosissime

113 1291 142 1322 a
182 1276 235 1333 Q.
280 1276 544 1334 Hortensio,
585 1277 660 1323 cui
701 1280 804 1323 tum
845 1281 916 1323 est
951 1280 1139 1323 senatus
1180 1275 1432 1323 adsensus'l
1514 1275 1618 1321 Hoc

112 1359 255 1419 igitur
290 1359 544 1406 sensimus:
592 1361 603 1383 ‘
619 1359 944 1419 cuiuscumque
980 1359 1130 1406 tribus
1170 1359 1362 1419 largitor
1397 1362 1531 1418 esset,
1568 1362 1617 1405 et

52 1459 89 1490 15
112 1457 192 1502 per
226 1441 344 1488 hanc
379 1443 733 1501 consensionem,
774 1458 891 1502 quae
926 1443 1074 1501 magis
1110 1441 1301 1488 honeste
1337 1457 1477 1501 quam
1511 1456 1617 1488 vere

111 1524 332 1571 sodalitas
356 1516 684 1585 nominaretur,
713 1541 852 1585 quam
889 1525 1082 1585 quisque
1118 1525 1292 1571 tribum
1325 1525 1452 1584 turpi
1482 1523 1617 1583 largi-

112 1608 236 1654 tione
271 1612 593 1667 corrumperet,
623 1623 729 1654 eum
764 1608 964 1654 maxime
999 1608 1056 1654 iis
1091 1606 1367 1665 hominibus,
1403 1607 1484 1666 qui
1519 1607 1617 1653 eius

112 1690 262 1736 tribus
287 1694 452 1750 essent,
481 1705 578 1737 esse
603 1691 795 1737 notum.'
869 1690 947 1737 Ita
972 1691 1159 1750 putavit
1183 1693 1381 1749 senatus,
1411 1704 1515 1735 cum
1539 1704 1616 1735 reo

112 1772 261 1818 tribus
286 1772 530 1819 ederentur
554 1788 645 1832 eae,
675 1788 789 1832 quas
814 1774 853 1818 is
877 1772 1121 1832 largitione
1146 1772 1383 1818 devinctas
1407 1771 1612 1830 haberet,

50 1875 91 1896 20
111 1854 293 1901 eosdem
328 1854 424 1900 fore
461 1858 604 1901 testes
638 1858 687 1901 et
722 1855 908 1903 iudices.
981 1854 1213 1902 Acerbum
1249 1855 1434 1901 omnino
1470 1870 1615 1914 genus

111 1936 282 1994 iudicii,
306 1936 388 1983 sed
423 1939 592 1995 tamen,
622 1936 662 1983 si
698 1936 773 1983 vel
808 1952 892 1983 sua
926 1937 1000 1984 vel
1037 1952 1101 1995 ea,
1130 1953 1246 1996 quae
1270 1937 1470 1983 maxime
1494 1940 1615 1983 esset

112 2020 272 2079 cuique
338 2019 594 2078 coniuncta,
657 2019 807 2066 tribus
872 2019 1095 2078 ederetur,
1158 2021 1237 2066 vix
1295 2019 1611 2067 recusandum.

112 2100 245 2149 XVI.
314 2101 385 2148 Tu
442 2106 611 2162 autem,
675 2102 951 2161 Laterensis,
1014 2118 1128 2162 quas
1186 2102 1337 2149 tribus
1395 2102 1583 2149 edidisti
1602 2102 1618 2149 2
1639 2106 1697 2152 38

114 2183 389 2243 Teretinam,
429 2185 575 2233 credo.
666 2184 778 2230 Fuit
814 2188 935 2231 certe
977 2185 1026 2231 id
1065 2200 1261 2245 aequum
1298 2189 1345 2232 et
1387 2189 1508 2232 certe
1544 2200 1615 2231 ex-

50 2285 89 2317 25
112 2269 371 2325 spectatum
397 2271 468 2313 est
503 2271 551 2313 et
585 2266 677 2313 fuit
713 2267 905 2326 dignum
938 2268 1200 2314 constantia
1224 2271 1317 2314 tua.
1394 2267 1537 2314 Cuius
1562 2271 1616 2314 tu

113 2347 261 2394 tribus
279 2349 566 2395 venditorem
586 2353 634 2395 et
658 2354 970 2409 corruptorem
994 2353 1042 2396 et
1066 2354 1348 2410 sequestrem
1373 2350 1615 2396 Plancium

113 2429 254 2476 fuisse
302 2430 526 2489 clamitas,
575 2446 675 2477 eam
723 2432 898 2478 tribum
953 2431 1171 2491 profecto,
1222 2432 1614 2479 severissimorum

113 2514 383 2570 praesertim
423 2513 663 2560 hominum
705 2518 752 2560 et
792 2514 1181 2574 gravissimorum,
1222 2515 1353 2562 edere
1394 2515 1609 2563 debuisti.

113 2593 180 2639 At
215 2593 501 2643 Voltiniam:
537 2595 669 2643 lubet
694 2597 816 2643 enim
842 2596 931 2643 tibi
959 2597 1110 2643 nescio
1143 2597 1255 2656 quid
1287 2598 1428 2645 ctiam
1453 2597 1509 2645 de
1534 2598 1616 2645 illa

49 2700 92 2731 50
114 2675 239 2722 tribu
280 2677 522 2725 criminari.
599 2678 735 2724 Hanc
776 2678 920 2738 igitur
959 2678 1107 2738 ipsam
1150 2693 1230 2725 cur
1270 2693 1361 2726 non
1396 2680 1615 2731 edidisti‘l
