1846 2996
217 187 278 242 39-
660 185 720 228 M.
749 184 922 227 TULLI
952 185 1258 228 oroERoms
1619 191 1639 230 s
1658 188 1710 228 59

218 319 515 378 antiquitatis
550 334 623 365 me
660 319 736 365 hic
769 320 819 366 id
853 336 911 367 ex
944 325 992 372 te
1025 321 1226 380 primum
1261 321 1442 368 audisse
1476 321 1706 370 confitear.

219 401 295 459 Et,
341 401 557 460 quoniam
598 405 681 447 tua
720 401 812 447 fuit
852 402 1115 462 perelegans
1156 407 1203 449 et
1243 402 1510 462 persubtilis
1547 403 1706 462 oratio,

219 483 358 542 digna
381 484 550 542 equitis
576 483 773 529 Romani
806 484 880 530 vel
910 484 1066 532 studio
1092 485 1167 531 vel
1195 484 1379 543 pudore,
1407 485 1711 544 quoniamque

218 565 282 611 sic
322 565 382 611 ab
421 565 493 611 his
535 581 583 612 es
623 565 822 624 auditus,
850 570 905 612 ut
945 581 1140 626 magnus
1181 566 1324 612 honos
1362 570 1409 612 et
1445 567 1627 626 ingenio
1663 571 1711 614 et

218 647 501 695 humanitati
545 653 653 695 tuae
700 649 994 708 tribueretur,
1044 649 1328 709 respondebo
1373 649 1433 695 ad
1480 664 1545 707 ea,
1595 665 1712 709 quae
1734 666 1753 696 5

218 731 391 791 dixisti,
419 746 536 791 quae
560 731 775 791 pleraque
803 731 860 778 de
888 732 988 791 ipso
1011 747 1084 778 me
1107 732 1296 778 fuerunt
1315 749 1324 779 :
1361 732 1410 778 in
1434 731 1601 791 quibus
1624 732 1713 791 ipsi

218 813 375 873 aculei,
404 814 442 859 si
467 829 580 873 quos
605 813 812 860 habuisti
835 814 884 860 in
908 829 981 860 me
1005 814 1390 873 reprehendendo,
1419 818 1574 860 tamen
1597 813 1713 860 mihi

136 898 194 944 59
218 911 309 942 non
343 896 515 955 ingrati
550 895 824 942 acciderunt.
894 895 1137 955 Quaesisti,
1167 900 1323 942 utrum
1347 896 1461 942 mihi
1485 900 1709 956 putarem,

218 979 387 1038 equitis
430 979 627 1025 Romani
668 978 775 1037 filio,
821 978 1072 1024 faciliorem
1112 978 1252 1024 fuisse
1294 978 1352 1024 ad
1398 978 1712 1038 adipiscendos

217 1062 411 1108 honores
435 1063 559 1108 viam
582 1077 640 1107 an
665 1062 871 1107 futuram
891 1077 986 1108 esse
1006 1061 1101 1107 filio
1126 1076 1239 1121 meo,
1263 1062 1371 1121 quia
1394 1065 1514 1108 esset
1538 1062 1714 1109 familia
1739 1085 1778 1106 10

219 1144 456 1191 consulari.
530 1143 629 1203 Ego
663 1158 771 1190 vero
806 1159 1085 1204 quamquam
1121 1143 1191 1189 illi
1228 1144 1381 1190 omnia
1417 1144 1540 1190 malo
1574 1161 1713 1204 quam

218 1227 346 1286 1111111,
397 1231 552 1274 tamen
599 1227 823 1274 honorum
869 1227 1024 1273 aditus
1071 1242 1307 1287 nunquam
1364 1227 1434 1273 illi
1490 1228 1713 1274 faciliores

219 1311 391 1371 optavi,
413 1326 553 1370 quam
576 1310 692 1356 mihi
715 1311 916 1357 fuerunt.
992 1309 1115 1367 Quin
1135 1311 1289 1370 etiam,
1312 1327 1370 1357 ne
1387 1311 1505 1358 forte
1522 1311 1601 1357 ille
1625 1311 1714 1358 sibi

219 1409 291 1440 me
315 1395 468 1454 potius
492 1393 718 1453 peperisse
747 1394 840 1439 iam
872 1393 1066 1439 honores
1097 1409 1238 1453 quam
1266 1394 1355 1440 iter
1380 1395 1713 1441 demonstrasse

219 1477 613 1536 adipiscendorum
647 1480 795 1536 putet,
823 1476 934 1523 haec
969 1476 1039 1522 illi
1073 1476 1195 1523 soleo
1230 1478 1713 1537 praecipere—quam·
1738 1496 1775 1526 1⁵

219 1575 358 1619 quam
397 1558 457 1605 ad
496 1562 739 1618 praecepta
783 1562 912 1605 aetas
958 1574 1050 1604 non
1097 1562 1168 1605 est
1203 1558 1588 1619 grandis—quae
1634 1574 1715 1606 rex

218 1641 296 1688 ille
320 1657 348 1688 a
372 1641 482 1687 Iove
507 1644 635 1687 ortus
659 1641 754 1687 suis
778 1641 1010 1700 praecepit
1032 1640 1140 1686 filiis
1160 1658 1169 1688 ε

350 1751 359 1769 ‘
383 1751 423 1791 V
419 1750 662 1802 iyildndum
681 1753 736 1789 est
755 1763 910 1801 semper
923 1766 936 1790 .·
966 1750 1121 1789 onustae
1140 1750 1321 1789 insidiae
1340 1754 1436 1790 sunt
1451 1749 1593 1790 bonis!

219 1843 381 1889 Nostis
406 1846 556 1889 cetera
573 1859 586 1902 3
623 1837 825 1907 [1101111οἱἰ

658 1938 668 1956 ‘
680 1938 734 1976 Id
752 1938 858 1989 quod
877 1938 1005 1977 multi
1023 1937 1236 1977 invideant
1249 1954 1262 1977 .·
1277 1937 1304 1988 ']
1736 1964 1778 1986 20

218 2058 335 2102 quae
359 2043 540 2102 scripsit
559 2041 712 2101 gravis
737 2045 784 2088 et
808 2043 1069 2100 ingeniosus
1093 2046 1242 2101 poeta,
1264 2057 1355 2087 non
1373 2046 1428 2087 ut
1444 2042 1549 2087 illos
1567 2043 1714 2101 regios

219 2140 393 2184 pueros,
433 2125 513 2184 qui
547 2124 641 2170 iam
676 2139 903 2183 nusquam
944 2127 1087 2181 erant,
1123 2123 1204 2169 sed
1238 2127 1292 2169 ut
1327 2138 1410 2169 nos
1446 2127 1494 2169 et
1534 2127 1714 2169 nostros

219 2208 384 2254 liberos
409 2207 468 2253 ad
491 2206 695 2252 laborem
720 2211 767 2252 et
791 2207 850 2252 ad
874 2206 1059 2252 laudem
1083 2205 1317 2252 excitaret.

138 2291 197 2336 60
304 2290 495 2347 Quaeris
520 2290 634 2349 quid
657 2291 858 2349 potuerit
882 2290 1079 2350 amplius
1103 2289 1295 2348 adsequi
1319 2287 1547 2346 Plancius,
1566 2288 1606 2334 si
1626 2287 1709 2334 Cn.

221 2373 446 2432 Scipionis
469 2374 636 2419 fuisset
660 2373 795 2420 filius.
870 2372 1022 2431 Magis
1047 2371 1209 2418 aedilis
1233 2370 1332 2416 fieri
1355 2385 1446 2416 non
1470 2370 1709 2429 potuisset,
1737 2383 1776 2414 25
1845 2359 1846 2363 ¹

219 2455 299 2502 sed
333 2456 418 2502 hoc
452 2459 718 2516 praestaret,
747 2455 869 2515 quod
898 2456 940 2501 ei
971 2455 1122 2500 minus
1157 2454 1451 2501 invideretur.
1525 2452 1712 2498 Etenim

221 2538 444 2584 honorum
463 2538 632 2597 gradus
656 2538 849 2584 summis
873 2536 1135 2583 hominibus
1159 2540 1207 2582 et
1234 2535 1406 2581 infimis
1429 2538 1539 2581 sunt
1567 2549 1712 2594 pares,

220 2620 389 2679 gloriae
413 2620 630 2678 dispares.
703 2619 856 2666 XXV.
886 2618 1000 2676 Quis
1023 2621 1232 2664 nostrum
1250 2633 1298 2664 se
1316 2617 1430 2663 dicit
1454 2616 1532 2664 Μ’.
1557 2615 1708 2674 Curio,

222 2703 325 2761 quis
368 2701 419 2749 O.
465 2701 686 2759 Fabricio,
726 2702 827 2760 quis
870 2700 919 2748 O.
963 2699 1148 2746 Duellio
1187 2715 1342 2760 parem
1362 2700 1378 2746 2
1424 2699 1526 2758 quis
1566 2697 1713 2743 Atilio
