1846 2996
103 191 190 233 §55
472 189 579 230 PRO
610 187 700 230 CN.
734 187 983 229 PLANCIO
1013 186 1225 227 ORATIO
1549 185 1600 228 27

102 323 421 384 providentem
466 326 623 370 autem
681 326 728 368 et
786 325 1133 381 praecaventem
1191 334 1429 380 nunquam
1477 323 1600 366 certe

102 407 368 454 movebunt.

102 533 145 581 ἐξ
166 532 311 572 53-55.
349 531 483 572 Cicero
511 534 632 571 meets
659 530 722 570 tlte
750 531 897 582 charye
926 531 973 581 os
990 529 1129 577 coitio,
1151 530 1220 570 i.e.
1246 529 1519 569 combination
1548 541 1600 567 on

210 597 273 637 the
295 601 396 647 part
416 598 464 649 of
485 601 560 637 two
589 597 827 636 candidates
845 600 883 635 to
897 600 1064 647 prevent
1084 596 1148 635 the
1167 596 1332 635 election
1351 596 1398 646 of
1421 607 1448 633 a
1467 595 1596 634 third.

211 663 444 702 Laterensis
462 662 539 702 has
556 675 609 702 no
621 662 763 713 proofs
783 662 831 712 of
851 661 945 711 ίῘιὶε,
971 662 1058 701 and
1083 662 1150 700 his
1171 661 1296 700 whole
1316 663 1535 711 aryument
1563 660 1602 699 is

212 729 485 768 inconsistent.

187 805 263 851 An
292 809 338 851 te
367 805 448 851 illa
471 808 744 865 argumenta
767 803 1031 851 duxerunt‘l
1105 803 1406 862 ‘Dubitatis,'
1430 804 1599 862 inquit,

107 889 244 949 ‘quin
276 888 414 934 coitio
448 888 571 934 facta
602 888 676 946 sit,
706 902 810 933 cum
846 886 996 933 tribus
1031 886 1272 947 plerasque
1308 901 1414 933 cum
1450 885 1604 932 Plotio
1678 899 1681 902 ·

61 995 79 1026 5
102 970 262 1017 tulerit
289 971 505 1017 Plancius
521 971 536 1017 2
552 971 562 991 '
633 971 708 1016 An
732 984 827 1015 una
857 969 956 1015 fieri
980 973 1244 1028 potuerunt,
1273 970 1312 1015 si
1336 985 1429 1016 una
1453 969 1603 1016 tribus

102 1069 193 1100 non
235 1053 483 1100 tulissent?
557 1052 649 1098 ‘At
684 1051 929 1098 nonnullas
971 1052 1156 1111 punctis
1196 1068 1341 1112 paene
1377 1052 1603 1099 totidem.'

103 1136 297 1196 Quippe,
325 1151 430 1182 cum
453 1136 547 1182 iam
572 1135 685 1181 facti
714 1149 853 1194 prope
884 1134 1195 1194 superioribus
1229 1135 1426 1181 comitiis
1458 1134 1603 1181 decla-

101 1220 282 1279 ratique
313 1219 577 1266 venissent:
614 1233 895 1278 quamquam
928 1233 985 1265 ne
1010 1218 1058 1264 id
1082 1218 1271 1278 quidem
1300 1219 1604 1278 suspicionem

103 1302 312 1348 coitionis
347 1301 575 1349 habuerit.
650 1301 814 1360 Neque
841 1302 964 1347 enim
995 1317 1202 1361 unquam
1233 1303 1427 1348 maiores
1458 1303 1606 1348 nostri

42 1411 82 1432 10
103 1385 390 1431 sortitionem
410 1385 758 1431 constituissent
775 1384 1048 1443 aediliciam,
1067 1385 1157 1430 nisi
1175 1385 1387 1431 viderent
1403 1385 1604 1431 accidere

102 1483 246 1527 posse,
290 1472 345 1514 ut
386 1459 708 1527 competitores
750 1483 880 1527 pares
922 1469 1152 1528 suffragiis
1195 1473 1358 1515 essent.
1434 1469 1498 1514 Et
1538 1468 1606 1514 ais
1629 1476 1687 1524 54

103 1551 328 1611 prioribus
354 1552 550 1597 comitiis
585 1550 836 1598 Aniensem
862 1567 890 1598 a
914 1552 1069 1598 Plotio
1106 1552 1261 1611 Pedio,
1291 1552 1554 1598 Teretinam
1578 1567 1606 1597 a

105 1634 293 1680 Plancio
311 1634 399 1680 tibi
417 1649 513 1680 esse
533 1650 791 1681 concessam
811 1653 820 1683 :
858 1651 980 1681 nunc
999 1635 1059 1681 ab
1083 1639 1279 1694 utroque
1303 1650 1379 1681 eas
1403 1634 1601 1693 avulsas,

103 1732 159 1763 ne
205 1717 254 1763 in
300 1722 550 1777 angustum
602 1719 824 1765 venirent.
924 1718 1074 1775 Quam
1128 1719 1342 1764 convenit
1399 1717 1605 1763 nondum

42 1821 80 1851 15
103 1800 286 1859 cognita
320 1801 479 1861 populi
514 1801 755 1848 voluntate
792 1801 888 1860 hos,
923 1817 1036 1861 quos
1072 1802 1165 1848 iam
1200 1805 1303 1847 tum
1339 1802 1604 1847 coniunctos

102 1882 243 1930 fuisse
279 1884 406 1944 dicis,
445 1885 670 1931 iacturam
704 1901 891 1931 suarum
928 1885 1151 1943 tribuum,
1175 1900 1265 1944 quo
1302 1900 1383 1930 vos
1404 1885 1605 1931 adiuva-

103 1967 278 2026 remini,
323 1968 511 2016 fecisse:
560 1968 756 2027 eosdem,
797 1983 901 2014 cum
942 1968 1035 2014 iam
1072 1973 1225 2015 essent
1260 1969 1449 2027 experti,
1493 1967 1606 2027 quid

102 2050 322 2112 valerent,
344 2053 576 2099 restrictos
596 2057 643 2098 et
663 2056 846 2098 tenaces
871 2051 1044 2098 fuisse?
1103 2052 1291 2097 Etenim
1310 2052 1602 2111 verebantur,

103 2135 246 2194 credo,
286 2136 536 2194 angustias,
575 2136 707 2195 quasi
748 2150 818 2181 res
854 2136 902 2181 in
938 2135 1279 2181 contentionem
1315 2139 1397 2180 aut
1433 2134 1482 2179 in
1517 2134 1606 2180 dis-

41 2242 81 2263 20
103 2218 272 2264 crimen
297 2218 483 2277 aliquod
507 2223 662 2278 posset
683 2219 852 2267 venire.
928 2217 1019 2264 Sed
1043 2222 1199 2264 tamen
1224 2221 1279 2263 tu
1302 2216 1358 2264 A.
1382 2216 1600 2277 Plotium,

102 2301 255 2347 virum
279 2301 635 2360 ornatissimum,
657 2302 705 2347 in
730 2302 853 2348 idem
879 2301 1048 2348 crimen
1073 2300 1277 2347 vocando
1301 2300 1475 2346 indicas
1499 2315 1605 2347 eum

103 2388 151 2430 te
175 2384 442 2444 adripuisse,
470 2400 498 2430 a
521 2400 612 2444 quo
636 2400 727 2431 non
753 2386 815 2431 sis
839 2389 1038 2445 rogatus.
1114 2385 1238 2431 Nam
1262 2384 1384 2444 quod
1414 2388 1605 2443 questus

103 2481 151 2512 es
186 2466 339 2526 plures
374 2471 421 2513 te
457 2470 599 2515 testes
635 2467 803 2514 habere
839 2467 895 2514 de
928 2468 1149 2527 Voltinia,
1179 2483 1317 2527 quam
1343 2472 1456 2527 quot
1480 2468 1527 2513 in
1552 2483 1605 2514 ea

104 2548 230 2595 tribu
265 2553 436 2608 puncta
471 2549 645 2608 tuleris,
673 2551 849 2596 indicas
873 2554 956 2597 aut
989 2566 1065 2597 eos
1097 2555 1240 2598 testes
1266 2555 1312 2596 te
1341 2551 1599 2611 producere,

41 2652 79 2682 25
103 2632 195 2691 qui,
223 2632 332 2690 quia
363 2647 574 2678 nummos
608 2616 877 2692 acceperint,
907 2637 953 2679 te
989 2635 1322 2693 praeterierint,
1350 2639 1433 2681 aut
1469 2638 1515 2681 te
1547 2650 1604 2681 ne

103 2715 310 2773 gratuita
344 2715 528 2773 quidem
554 2730 711 2762 eorum
743 2716 959 2776 suffragia
995 2716 1169 2764 tulisse.
1243 2716 1437 2766 XXIII.
1479 2717 1603 2765 Illud
1626 2719 1685 2764 55
