<?xml version="1.0" encoding="UTF-8"?>
<!DOCTYPE html PUBLIC "-//W3C//DTD XHTML 1.0 Transitional//EN"
    "http://www.w3.org/TR/xhtml1/DTD/xhtml1-transitional.dtd">
<html xmlns="http://www.w3.org/1999/xhtml" xml:lang="en" lang="en">
 <head>
  <title>
</title>
<meta http-equiv="Content-Type" content="text/html;charset=utf-8" />
  <meta name='ocr-system' content='tesseract 3.04.00' />
  <meta name='ocr-capabilities' content='ocr_page ocr_carea ocr_par ocr_line ocrx_word'/>
</head>
<body>
  <div class='ocr_page' id='page_1' title='image "./proplancioedited00ciceuoft_0113.png"; bbox 0 0 1846 2996; ppageno 0'>
   <div class='ocr_carea' id='block_1_1' title="bbox 125 169 1630 213">
    <p class='ocr_par' dir='ltr' id='par_1_1' title="bbox 125 169 1630 213">
     <span class='ocr_line' id='line_1_1' title="bbox 125 169 1630 213; baseline -0.001 -2"><span class='ocrx_word' id='word_1_1' title='bbox 125 175 143 211; x_wconf 57' lang='grc' dir='ltr'><strong>ἃ</strong></span> <span class='ocrx_word' id='word_1_2' title='bbox 162 174 211 211; x_wconf 87' lang='grc'><strong>51</strong></span> <span class='ocrx_word' id='word_1_3' title='bbox 498 171 608 213; x_wconf 89' lang='lat' dir='ltr'><strong>PRO</strong></span> <span class='ocrx_word' id='word_1_4' title='bbox 638 171 729 213; x_wconf 87' lang='lat' dir='ltr'><strong>CN.</strong></span> <span class='ocrx_word' id='word_1_5' title='bbox 763 170 1012 212; x_wconf 87' lang='lat' dir='ltr'><strong>PLANCIO</strong></span> <span class='ocrx_word' id='word_1_6' title='bbox 1044 170 1255 212; x_wconf 88' lang='lat' dir='ltr'><strong>ORATIO</strong></span> <span class='ocrx_word' id='word_1_7' title='bbox 1580 169 1630 209; x_wconf 86' lang='lat'><strong>25</strong></span> 
     </span>
    </p>
   </div>
   <div class='ocr_carea' id='block_1_2' title="bbox 63 305 1635 1354">
    <p class='ocr_par' dir='ltr' id='par_1_2' title="bbox 63 305 1635 1354">
     <span class='ocr_line' id='line_1_2' title="bbox 124 305 1633 366; baseline -0.001 -15"><span class='ocrx_word' id='word_1_8' title='bbox 124 308 380 365; x_wconf 86' lang='lat' dir='ltr'><strong>putassent,</strong></span> <span class='ocrx_word' id='word_1_9' title='bbox 426 309 587 366; x_wconf 89' lang='lat' dir='ltr'><strong>postea</strong></span> <span class='ocrx_word' id='word_1_10' title='bbox 632 305 825 366; x_wconf 89' lang='lat' dir='ltr'><strong>prolatis</strong></span> <span class='ocrx_word' id='word_1_11' title='bbox 867 306 1066 352; x_wconf 90' lang='lat' dir='ltr'><strong>comitiis</strong></span> <span class='ocrx_word' id='word_1_12' title='bbox 1112 307 1455 366; x_wconf 77' lang='lat' dir='ltr'><strong>prosternerent</strong></span> <span class='ocrx_word' id='word_1_13' title='bbox 1497 318 1544 350; x_wconf 91' lang='lat' dir='ltr'><strong>se</strong></span> <span class='ocrx_word' id='word_1_14' title='bbox 1586 308 1633 350; x_wconf 93' lang='lat' dir='ltr'><strong>et</strong></span> 
     </span>
     <span class='ocr_line' id='line_1_3' title="bbox 124 386 1629 448; baseline -0.001 -15"><span class='ocrx_word' id='word_1_15' title='bbox 124 387 294 447; x_wconf 91' lang='lat' dir='ltr'><strong>populo</strong></span> <span class='ocrx_word' id='word_1_16' title='bbox 329 388 538 434; x_wconf 87' lang='lat' dir='ltr'><strong>Romano</strong></span> <span class='ocrx_word' id='word_1_17' title='bbox 570 388 716 435; x_wconf 87' lang='lat' dir='ltr'><strong>fracto</strong></span> <span class='ocrx_word' id='word_1_18' title='bbox 748 389 903 435; x_wconf 88' lang='lat' dir='ltr'><strong>animo</strong></span> <span class='ocrx_word' id='word_1_19' title='bbox 932 393 1072 448; x_wconf 86' lang='lat' dir='ltr'><strong>atque</strong></span> <span class='ocrx_word' id='word_1_20' title='bbox 1108 388 1274 434; x_wconf 91' lang='lat' dir='ltr'><strong>humili</strong></span> <span class='ocrx_word' id='word_1_21' title='bbox 1303 386 1629 447; x_wconf 78' lang='lat' dir='ltr'><strong>supplicarent,</strong></span> 
     </span>
     <span class='ocr_line' id='line_1_4' title="bbox 124 469 1633 530; baseline -0.001 -15"><span class='ocrx_word' id='word_1_22' title='bbox 124 484 217 515; x_wconf 92' lang='lat' dir='ltr'><strong>non</strong></span> <span class='ocrx_word' id='word_1_23' title='bbox 245 469 422 529; x_wconf 90' lang='lat' dir='ltr'><strong>dubito,</strong></span> <span class='ocrx_word' id='word_1_24' title='bbox 451 471 564 530; x_wconf 92' lang='lat' dir='ltr'><strong>quin</strong></span> <span class='ocrx_word' id='word_1_25' title='bbox 596 471 746 517; x_wconf 89' lang='lat' dir='ltr'><strong>omnis</strong></span> <span class='ocrx_word' id='word_1_26' title='bbox 770 471 829 517; x_wconf 89' lang='lat' dir='ltr'><strong>ad</strong></span> <span class='ocrx_word' id='word_1_27' title='bbox 854 475 901 517; x_wconf 90' lang='lat' dir='ltr'><strong>te</strong></span> <span class='ocrx_word' id='word_1_28' title='bbox 926 486 974 518; x_wconf 90' lang='lat' dir='ltr'><strong>se</strong></span> <span class='ocrx_word' id='word_1_29' title='bbox 1003 485 1280 517; x_wconf 88' lang='lat' dir='ltr'><strong>conversura</strong></span> <span class='ocrx_word' id='word_1_30' title='bbox 1307 469 1449 524; x_wconf 86' lang='lat' dir='ltr'><strong>fuerit</strong></span> <span class='ocrx_word' id='word_1_31' title='bbox 1480 469 1633 515; x_wconf 86' lang='lat' dir='ltr'><strong>multi-</strong></span> 
     </span>
     <span class='ocr_line' id='line_1_5' title="bbox 125 551 1633 612; baseline 0 -16"><span class='ocrx_word' id='word_1_32' title='bbox 125 551 253 599; x_wconf 91' lang='lat' dir='ltr'><strong>tudo.</strong></span> <span class='ocrx_word' id='word_1_33' title='bbox 327 553 581 612; x_wconf 88' lang='lat' dir='ltr'><strong>Nunquam</strong></span> <span class='ocrx_word' id='word_1_34' title='bbox 606 554 730 599; x_wconf 91' lang='lat' dir='ltr'><strong>enim</strong></span> <span class='ocrx_word' id='word_1_35' title='bbox 762 554 857 606; x_wconf 83' lang='lat' dir='ltr'><strong>fere</strong></span> <span class='ocrx_word' id='word_1_36' title='bbox 886 553 1122 610; x_wconf 73' lang='lat' dir='ltr'>nobilitas,</span> <span class='ocrx_word' id='word_1_37' title='bbox 1146 554 1328 612; x_wconf 87' lang='lat' dir='ltr'><strong>integra</strong></span> <span class='ocrx_word' id='word_1_38' title='bbox 1362 552 1633 612; x_wconf 88' lang='lat' dir='ltr'><strong>praesertim</strong></span> 
     </span>
     <span class='ocr_line' id='line_1_6' title="bbox 83 634 1629 695; baseline -0.001 -13"><span class='ocrx_word' id='word_1_39' title='bbox 83 650 102 682; x_wconf 89' lang='lat'><strong>5</strong></span> <span class='ocrx_word' id='word_1_40' title='bbox 124 637 266 693; x_wconf 90' lang='lat' dir='ltr'><strong>atque</strong></span> <span class='ocrx_word' id='word_1_41' title='bbox 294 635 524 695; x_wconf 81' lang='lat' dir='ltr'><strong>innocens,</strong></span> <span class='ocrx_word' id='word_1_42' title='bbox 553 651 581 682; x_wconf 91' lang='lat' dir='ltr'><strong>a</strong></span> <span class='ocrx_word' id='word_1_43' title='bbox 609 636 778 695; x_wconf 89' lang='lat' dir='ltr'><strong>populo</strong></span> <span class='ocrx_word' id='word_1_44' title='bbox 803 636 1013 682; x_wconf 85' lang='lat' dir='ltr'><strong>Romano</strong></span> <span class='ocrx_word' id='word_1_45' title='bbox 1048 635 1245 695; x_wconf 84' lang='lat' dir='ltr'><strong>supplex</strong></span> <span class='ocrx_word' id='word_1_46' title='bbox 1272 634 1515 695; x_wconf 88' lang='lat' dir='ltr'><strong>repudiata</strong></span> <span class='ocrx_word' id='word_1_47' title='bbox 1546 638 1629 681; x_wconf 91' lang='lat' dir='ltr'><strong>est.</strong></span> 
     </span>
     <span class='ocr_line' id='line_1_7' title="bbox 127 715 1630 778; baseline 0 -16"><span class='ocrx_word' id='word_1_48' title='bbox 127 715 218 762; x_wconf 88' lang='lat' dir='ltr'><strong>Sed</strong></span> <span class='ocrx_word' id='word_1_49' title='bbox 254 718 294 763; x_wconf 89' lang='lat' dir='ltr'><strong>si</strong></span> <span class='ocrx_word' id='word_1_50' title='bbox 329 718 417 764; x_wconf 90' lang='lat' dir='ltr'><strong>tibi</strong></span> <span class='ocrx_word' id='word_1_51' title='bbox 452 719 658 777; x_wconf 80' lang='lat' dir='ltr'><strong>gravitas</strong></span> <span class='ocrx_word' id='word_1_52' title='bbox 695 722 778 765; x_wconf 87' lang='lat' dir='ltr'><strong>tua</strong></span> <span class='ocrx_word' id='word_1_53' title='bbox 802 722 850 765; x_wconf 92' lang='lat' dir='ltr'><strong>et</strong></span> <span class='ocrx_word' id='word_1_54' title='bbox 884 718 1159 778; x_wconf 79' lang='lat' dir='ltr'><strong>magnitudo</strong></span> <span class='ocrx_word' id='word_1_55' title='bbox 1182 718 1326 764; x_wconf 91' lang='lat' dir='ltr'><strong>animi</strong></span> <span class='ocrx_word' id='word_1_56' title='bbox 1349 717 1494 777; x_wconf 90' lang='lat' dir='ltr'><strong>pluris</strong></span> <span class='ocrx_word' id='word_1_57' title='bbox 1525 716 1630 776; x_wconf 81' lang='lat' dir='ltr'><strong>fuit,</strong></span> 
     </span>
     <span class='ocr_line' id='line_1_8' title="bbox 124 798 1630 861; baseline 0 -17"><span class='ocrx_word' id='word_1_58' title='bbox 124 799 264 845; x_wconf 90' lang='lat' dir='ltr'><strong>sicuti</strong></span> <span class='ocrx_word' id='word_1_59' title='bbox 299 815 397 847; x_wconf 89' lang='lat' dir='ltr'><strong>esse</strong></span> <span class='ocrx_word' id='word_1_60' title='bbox 432 800 607 861; x_wconf 90' lang='lat' dir='ltr'><strong>debuit,</strong></span> <span class='ocrx_word' id='word_1_61' title='bbox 635 816 776 860; x_wconf 88' lang='lat' dir='ltr'><strong>quam</strong></span> <span class='ocrx_word' id='word_1_62' title='bbox 812 801 1039 859; x_wconf 80' lang='lat' dir='ltr'><strong>aedilitas,</strong></span> <span class='ocrx_word' id='word_1_63' title='bbox 1076 800 1184 859; x_wconf 92' lang='lat' dir='ltr'><strong>noli,</strong></span> <span class='ocrx_word' id='word_1_64' title='bbox 1225 815 1328 846; x_wconf 90' lang='lat' dir='ltr'><strong>cum</strong></span> <span class='ocrx_word' id='word_1_65' title='bbox 1364 799 1534 846; x_wconf 89' lang='lat' dir='ltr'><strong>habeas</strong></span> <span class='ocrx_word' id='word_1_66' title='bbox 1568 798 1630 858; x_wconf 92' lang='lat' dir='ltr'><strong>id,</strong></span> 
     </span>
     <span class='ocr_line' id='line_1_9' title="bbox 125 881 1629 943; baseline 0.001 -16"><span class='ocrx_word' id='word_1_67' title='bbox 125 881 249 941; x_wconf 91' lang='lat' dir='ltr'><strong>quod</strong></span> <span class='ocrx_word' id='word_1_68' title='bbox 305 882 537 942; x_wconf 79' lang='lat' dir='ltr'><strong>malueriS,</strong></span> <span class='ocrx_word' id='word_1_69' title='bbox 588 883 847 931; x_wconf 89' lang='lat' dir='ltr'><strong>desiderare</strong></span> <span class='ocrx_word' id='word_1_70' title='bbox 898 883 959 943; x_wconf 91' lang='lat' dir='ltr'><strong>id,</strong></span> <span class='ocrx_word' id='word_1_71' title='bbox 1011 883 1135 943; x_wconf 90' lang='lat' dir='ltr'><strong>quod</strong></span> <span class='ocrx_word' id='word_1_72' title='bbox 1191 883 1382 929; x_wconf 90' lang='lat' dir='ltr'><strong>minoris</strong></span> <span class='ocrx_word' id='word_1_73' title='bbox 1438 883 1629 942; x_wconf 93' lang='lat' dir='ltr'><strong>putaris.</strong></span> 
     </span>
     <span class='ocr_line' id='line_1_10' title="bbox 126 963 1634 1025; baseline 0.001 -16"><span class='ocrx_word' id='word_1_74' title='bbox 126 963 357 1023; x_wconf 89' lang='lat' dir='ltr'><strong>Equidem</strong></span> <span class='ocrx_word' id='word_1_75' title='bbox 403 966 619 1025; x_wconf 90' lang='lat' dir='ltr'><strong>primum,</strong></span> <span class='ocrx_word' id='word_1_76' title='bbox 670 970 726 1013; x_wconf 91' lang='lat' dir='ltr'><strong>ut</strong></span> <span class='ocrx_word' id='word_1_77' title='bbox 778 966 949 1013; x_wconf 91' lang='lat' dir='ltr'><strong>honore</strong></span> <span class='ocrx_word' id='word_1_78' title='bbox 1008 966 1177 1025; x_wconf 90' lang='lat' dir='ltr'><strong>dignus</strong></span> <span class='ocrx_word' id='word_1_79' title='bbox 1224 981 1384 1024; x_wconf 89' lang='lat' dir='ltr'><strong>essem,</strong></span> <span class='ocrx_word' id='word_1_80' title='bbox 1435 965 1634 1011; x_wconf 89' lang='lat' dir='ltr'><strong>maxime</strong></span> 
     </span>
     <span class='ocr_line' id='line_1_11' title="bbox 63 1047 1635 1106; baseline -0.001 -12"><span class='ocrx_word' id='word_1_81' title='bbox 63 1060 103 1094; x_wconf 76' lang='grc' dir='ltr'><strong>ω’</strong></span> <span class='ocrx_word' id='word_1_82' title='bbox 125 1061 305 1106; x_wconf 90' lang='lat' dir='ltr'><strong>semper</strong></span> <span class='ocrx_word' id='word_1_83' title='bbox 338 1047 575 1096; x_wconf 86' lang='lat' dir='ltr'><strong>laboravi:</strong></span> <span class='ocrx_word' id='word_1_84' title='bbox 612 1049 812 1095; x_wconf 90' lang='lat' dir='ltr'><strong>secundo</strong></span> <span class='ocrx_word' id='word_1_85' title='bbox 847 1052 902 1095; x_wconf 89' lang='lat' dir='ltr'><strong>ut</strong></span> <span class='ocrx_word' id='word_1_86' title='bbox 937 1049 1254 1096; x_wconf 86' lang='lat' dir='ltr'><strong>existimarer:</strong></span> <span class='ocrx_word' id='word_1_87' title='bbox 1291 1049 1484 1094; x_wconf 87' lang='lat' dir='ltr'><strong>tertium</strong></span> <span class='ocrx_word' id='word_1_88' title='bbox 1519 1047 1635 1094; x_wconf 90' lang='lat' dir='ltr'><strong>mihi</strong></span> 
     </span>
     <span class='ocr_line' id='line_1_12' title="bbox 124 1128 1635 1191; baseline 0.001 -17"><span class='ocrx_word' id='word_1_89' title='bbox 124 1128 217 1175; x_wconf 90' lang='lat' dir='ltr'><strong>fuit</strong></span> <span class='ocrx_word' id='word_1_90' title='bbox 240 1129 372 1186; x_wconf 91' lang='lat' dir='ltr'><strong>illud,</strong></span> <span class='ocrx_word' id='word_1_91' title='bbox 397 1130 520 1189; x_wconf 90' lang='lat' dir='ltr'><strong>quod</strong></span> <span class='ocrx_word' id='word_1_92' title='bbox 543 1130 772 1190; x_wconf 91' lang='lat' dir='ltr'><strong>plerisque</strong></span> <span class='ocrx_word' id='word_1_93' title='bbox 796 1132 999 1190; x_wconf 91' lang='lat' dir='ltr'><strong>primum</strong></span> <span class='ocrx_word' id='word_1_94' title='bbox 1023 1135 1106 1190; x_wconf 90' lang='lat' dir='ltr'><strong>est,</strong></span> <span class='ocrx_word' id='word_1_95' title='bbox 1136 1132 1234 1191; x_wconf 92' lang='lat' dir='ltr'><strong>ipse</strong></span> <span class='ocrx_word' id='word_1_96' title='bbox 1261 1130 1406 1177; x_wconf 91' lang='lat' dir='ltr'><strong>honos</strong></span> <span class='ocrx_word' id='word_1_97' title='bbox 1422 1147 1436 1190; x_wconf 82' lang='lat'><em>3</em></span> <span class='ocrx_word' id='word_1_98' title='bbox 1472 1130 1553 1190; x_wconf 89' lang='lat' dir='ltr'><strong>qui</strong></span> <span class='ocrx_word' id='word_1_99' title='bbox 1576 1130 1635 1176; x_wconf 88' lang='lat' dir='ltr'><strong>iis</strong></span> 
     </span>
     <span class='ocr_line' id='line_1_13' title="bbox 125 1210 1635 1272; baseline 0.002 -17"><span class='ocrx_word' id='word_1_100' title='bbox 125 1210 324 1270; x_wconf 90' lang='lat' dir='ltr'><strong>denique</strong></span> <span class='ocrx_word' id='word_1_101' title='bbox 359 1211 498 1258; x_wconf 92' lang='lat' dir='ltr'><strong>debet</strong></span> <span class='ocrx_word' id='word_1_102' title='bbox 533 1228 632 1259; x_wconf 90' lang='lat' dir='ltr'><strong>esse</strong></span> <span class='ocrx_word' id='word_1_103' title='bbox 666 1213 908 1272; x_wconf 90' lang='lat' dir='ltr'><strong>iucundus,</strong></span> <span class='ocrx_word' id='word_1_104' title='bbox 949 1228 1145 1272; x_wconf 90' lang='lat' dir='ltr'><strong>quorum</strong></span> <span class='ocrx_word' id='word_1_105' title='bbox 1182 1213 1403 1272; x_wconf 79' lang='lat' dir='ltr'><strong>dignitati</strong></span> <span class='ocrx_word' id='word_1_106' title='bbox 1437 1212 1635 1272; x_wconf 89' lang='lat' dir='ltr'><strong>populus</strong></span> 
     </span>
     <span class='ocr_line' id='line_1_14' title="bbox 125 1292 1579 1354; baseline 0.003 -16"><span class='ocrx_word' id='word_1_107' title='bbox 125 1292 364 1340; x_wconf 88' lang='lat' dir='ltr'><strong>Romanus</strong></span> <span class='ocrx_word' id='word_1_108' title='bbox 388 1295 724 1354; x_wconf 89' lang='lat' dir='ltr'><strong>testimonium,</strong></span> <span class='ocrx_word' id='word_1_109' title='bbox 752 1311 843 1341; x_wconf 92' lang='lat' dir='ltr'><strong>non</strong></span> <span class='ocrx_word' id='word_1_110' title='bbox 868 1295 1144 1342; x_wconf 91' lang='lat' dir='ltr'><strong>beneficium</strong></span> <span class='ocrx_word' id='word_1_111' title='bbox 1167 1295 1414 1342; x_wconf 89' lang='lat' dir='ltr'><strong>ambitioni</strong></span> <span class='ocrx_word' id='word_1_112' title='bbox 1438 1295 1579 1342; x_wconf 89' lang='lat' dir='ltr'><strong>dedit.</strong></span> 
     </span>
    </p>
   </div>
   <div class='ocr_carea' id='block_1_3' title="bbox 124 1456 1636 1902">
    <p class='ocr_par' dir='ltr' id='par_1_3' title="bbox 124 1456 1636 1902">
     <span class='ocr_line' id='line_1_15' title="bbox 124 1456 1635 1505; baseline 0.001 -10"><span class='ocrx_word' id='word_1_113' title='bbox 124 1457 168 1505; x_wconf 64' lang='grc' dir='ltr'><strong>ἓξ</strong></span> <span class='ocrx_word' id='word_1_114' title='bbox 189 1456 334 1496; x_wconf 87' lang='grc'><strong>51-53.</strong></span> <span class='ocrx_word' id='word_1_115' title='bbox 365 1457 599 1497; x_wconf 74' lang='lat' dir='ltr'><strong>Laterensis</strong></span> <span class='ocrx_word' id='word_1_116' title='bbox 618 1461 729 1497; x_wconf 84' lang='lat' dir='ltr'><strong>must</strong></span> <span class='ocrx_word' id='word_1_117' title='bbox 749 1461 818 1497; x_wconf 65' lang='grc' dir='ltr'><strong><em>πού</em></strong></span> <span class='ocrx_word' id='word_1_118' title='bbox 838 1457 961 1497; x_wconf 77' lang='lat' dir='ltr'><strong>think</strong></span> <span class='ocrx_word' id='word_1_119' title='bbox 981 1458 1070 1497; x_wconf 77' lang='lat' dir='ltr'><strong>that</strong></span> <span class='ocrx_word' id='word_1_120' title='bbox 1089 1457 1138 1496; x_wconf 77' lang='lat' dir='ltr'><strong>he</strong></span> <span class='ocrx_word' id='word_1_121' title='bbox 1157 1458 1234 1497; x_wconf 79' lang='lat' dir='ltr'><strong>has</strong></span> <span class='ocrx_word' id='word_1_122' title='bbox 1252 1458 1354 1496; x_wconf 84' lang='lat' dir='ltr'><strong>done</strong></span> <span class='ocrx_word' id='word_1_123' title='bbox 1374 1457 1568 1496; x_wconf 71' lang='lat' dir='ltr'><strong>discredit</strong></span> <span class='ocrx_word' id='word_1_124' title='bbox 1596 1460 1635 1497; x_wconf 91' lang='lat' dir='ltr'><strong>to</strong></span> 
     </span>
     <span class='ocr_line' id='line_1_16' title="bbox 232 1522 1628 1575; baseline 0 -14"><span class='ocrx_word' id='word_1_125' title='bbox 232 1522 300 1561; x_wconf 73' lang='lat' dir='ltr'><strong>his</strong></span> <span class='ocrx_word' id='word_1_126' title='bbox 325 1527 525 1562; x_wconf 82' lang='lat' dir='ltr'><strong>ancestors</strong></span> <span class='ocrx_word' id='word_1_127' title='bbox 549 1523 710 1563; x_wconf 80' lang='lat' dir='ltr'><strong>because</strong></span> <span class='ocrx_word' id='word_1_128' title='bbox 729 1524 777 1563; x_wconf 76' lang='lat' dir='ltr'><strong>he</strong></span> <span class='ocrx_word' id='word_1_129' title='bbox 801 1524 878 1563; x_wconf 79' lang='lat' dir='ltr'><strong>has</strong></span> <span class='ocrx_word' id='word_1_130' title='bbox 895 1524 1040 1575; x_wconf 81' lang='lat' dir='ltr'><strong>failed</strong></span> <span class='ocrx_word' id='word_1_131' title='bbox 1067 1527 1105 1562; x_wconf 85' lang='lat' dir='ltr'><strong>to</strong></span> <span class='ocrx_word' id='word_1_132' title='bbox 1135 1523 1274 1562; x_wconf 78' lang='lat' dir='ltr'><strong>obtain</strong></span> <span class='ocrx_word' id='word_1_133' title='bbox 1301 1523 1365 1562; x_wconf 79' lang='lat' dir='ltr'><strong>the</strong></span> <span class='ocrx_word' id='word_1_134' title='bbox 1388 1522 1628 1574; x_wconf 61' lang='lat' dir='ltr'><strong>aeffleship,</strong></span> 
     </span>
     <span class='ocr_line' id='line_1_17' title="bbox 221 1587 1635 1640; baseline 0.001 -14"><span class='ocrx_word' id='word_1_135' title='bbox 221 1588 300 1631; x_wconf 83' lang='lat' dir='ltr'><strong>for</strong></span> <span class='ocrx_word' id='word_1_136' title='bbox 329 1587 388 1638; x_wconf 87' lang='lat'><strong>(1)</strong></span> <span class='ocrx_word' id='word_1_137' title='bbox 418 1600 548 1639; x_wconf 84' lang='lat' dir='ltr'><strong>many</strong></span> <span class='ocrx_word' id='word_1_138' title='bbox 565 1589 742 1640; x_wconf 78' lang='lat' dir='ltr'><strong>famous</strong></span> <span class='ocrx_word' id='word_1_139' title='bbox 770 1602 866 1627; x_wconf 85' lang='lat' dir='ltr'><strong>men</strong></span> <span class='ocrx_word' id='word_1_140' title='bbox 894 1589 995 1628; x_wconf 80' lang='lat' dir='ltr'><strong>have</strong></span> <span class='ocrx_word' id='word_1_141' title='bbox 1017 1589 1163 1639; x_wconf 82' lang='lat' dir='ltr'><strong>failed</strong></span> <span class='ocrx_word' id='word_1_142' title='bbox 1191 1589 1423 1639; x_wconf 75' lang='lat' dir='ltr'><strong>similarly,</strong></span> <span class='ocrx_word' id='word_1_143' title='bbox 1455 1588 1544 1627; x_wconf 89' lang='lat' dir='ltr'><strong>and</strong></span> <span class='ocrx_word' id='word_1_144' title='bbox 1571 1592 1635 1639; x_wconf 88' lang='lat' dir='ltr'><strong>yet</strong></span> 
     </span>
     <span class='ocr_line' id='line_1_18' title="bbox 232 1653 1634 1704; baseline 0.001 -13"><span class='ocrx_word' id='word_1_145' title='bbox 232 1654 424 1693; x_wconf 78' lang='lat' dir='ltr'><strong>attained</strong></span> <span class='ocrx_word' id='word_1_146' title='bbox 451 1657 489 1692; x_wconf 92' lang='lat' dir='ltr'><strong>to</strong></span> <span class='ocrx_word' id='word_1_147' title='bbox 522 1655 586 1693; x_wconf 69' lang='lat' dir='ltr'><strong>tlte</strong></span> <span class='ocrx_word' id='word_1_148' title='bbox 615 1654 772 1704; x_wconf 72' lang='lat' dir='ltr'><strong>hiylzest</strong></span> <span class='ocrx_word' id='word_1_149' title='bbox 803 1655 984 1693; x_wconf 75' lang='lat' dir='ltr'><strong>honours</strong></span> <span class='ocrx_word' id='word_1_150' title='bbox 1007 1655 1057 1693; x_wconf 75' lang='lat' dir='ltr'><strong>‘ln</strong></span> <span class='ocrx_word' id='word_1_151' title='bbox 1087 1654 1151 1693; x_wconf 76' lang='lat' dir='ltr'><strong>the</strong></span> <span class='ocrx_word' id='word_1_152' title='bbox 1183 1654 1294 1694; x_wconf 82' lang='lat' dir='ltr'><strong>State</strong></span> <span class='ocrx_word' id='word_1_153' title='bbox 1308 1669 1325 1701; x_wconf 87' lang='lat'><strong>,·</strong></span> <span class='ocrx_word' id='word_1_154' title='bbox 1365 1654 1452 1693; x_wconf 88' lang='lat' dir='ltr'><strong>and</strong></span> <span class='ocrx_word' id='word_1_155' title='bbox 1481 1653 1540 1704; x_wconf 86' lang='lat'><strong>(2)</strong></span> <span class='ocrx_word' id='word_1_156' title='bbox 1570 1653 1634 1692; x_wconf 79' lang='lat' dir='ltr'><strong>the</strong></span> 
     </span>
     <span class='ocr_line' id='line_1_19' title="bbox 233 1719 1635 1771; baseline 0 -13"><span class='ocrx_word' id='word_1_157' title='bbox 233 1719 504 1770; x_wconf 75' lang='lat' dir='ltr'><strong>independent</strong></span> <span class='ocrx_word' id='word_1_158' title='bbox 520 1720 605 1759; x_wconf 80' lang='lat' dir='ltr'><strong>line</strong></span> <span class='ocrx_word' id='word_1_159' title='bbox 619 1720 668 1759; x_wconf 77' lang='lat' dir='ltr'><strong>he</strong></span> <span class='ocrx_word' id='word_1_160' title='bbox 682 1721 759 1759; x_wconf 79' lang='lat' dir='ltr'><strong>has</strong></span> <span class='ocrx_word' id='word_1_161' title='bbox 774 1721 933 1771; x_wconf 87' lang='lat' dir='ltr'><strong>always</strong></span> <span class='ocrx_word' id='word_1_162' title='bbox 941 1720 1142 1771; x_wconf 79' lang='lat' dir='ltr'><strong>followed</strong></span> <span class='ocrx_word' id='word_1_163' title='bbox 1156 1721 1205 1759; x_wconf 81' lang='lat' dir='ltr'><strong>in</strong></span> <span class='ocrx_word' id='word_1_164' title='bbox 1217 1721 1395 1770; x_wconf 73' lang='lat' dir='ltr'><strong>politics,</strong></span> <span class='ocrx_word' id='word_1_165' title='bbox 1417 1720 1635 1770; x_wconf 76' lang='lat' dir='ltr'><strong>especially</strong></span> 
     </span>
     <span class='ocr_line' id='line_1_20' title="bbox 233 1785 1636 1837; baseline 0 -13"><span class='ocrx_word' id='word_1_166' title='bbox 233 1785 283 1824; x_wconf 81' lang='lat' dir='ltr'><strong>in</strong></span> <span class='ocrx_word' id='word_1_167' title='bbox 309 1786 489 1836; x_wconf 75' lang='lat' dir='ltr'><strong>retiriny</strong></span> <span class='ocrx_word' id='word_1_168' title='bbox 504 1786 625 1837; x_wconf 85' lang='lat' dir='ltr'><strong>from</strong></span> <span class='ocrx_word' id='word_1_169' title='bbox 653 1786 720 1825; x_wconf 79' lang='lat' dir='ltr'><strong>his</strong></span> <span class='ocrx_word' id='word_1_170' title='bbox 749 1786 1026 1825; x_wconf 76' lang='lat' dir='ltr'><strong>candidature</strong></span> <span class='ocrx_word' id='word_1_171' title='bbox 1044 1787 1123 1837; x_wconf 85' lang='lat' dir='ltr'><strong>for</strong></span> <span class='ocrx_word' id='word_1_172' title='bbox 1150 1786 1214 1825; x_wconf 77' lang='lat' dir='ltr'><strong>the</strong></span> <span class='ocrx_word' id='word_1_173' title='bbox 1243 1785 1515 1836; x_wconf 76' lang='lat' dir='ltr'><strong>tribuneship,</strong></span> <span class='ocrx_word' id='word_1_174' title='bbox 1550 1786 1636 1825; x_wconf 78' lang='lat' dir='ltr'><strong>had</strong></span> 
     </span>
     <span class='ocr_line' id='line_1_21' title="bbox 231 1851 1211 1902; baseline 0 -12"><span class='ocrx_word' id='word_1_175' title='bbox 231 1851 381 1890; x_wconf 81' lang='lat' dir='ltr'><strong>caused</strong></span> <span class='ocrx_word' id='word_1_176' title='bbox 399 1851 671 1891; x_wconf 75' lang='lat' dir='ltr'><strong>considerable</strong></span> <span class='ocrx_word' id='word_1_177' title='bbox 686 1851 901 1902; x_wconf 74' lang='lat' dir='ltr'><strong>prejudice</strong></span> <span class='ocrx_word' id='word_1_178' title='bbox 922 1853 1088 1902; x_wconf 71' lang='lat' dir='ltr'><strong>ayainst</strong></span> <span class='ocrx_word' id='word_1_179' title='bbox 1108 1851 1211 1891; x_wconf 73' lang='lat' dir='ltr'><em>him.</em></span> 
     </span>
    </p>
   </div>
   <div class='ocr_carea' id='block_1_4' title="bbox 62 1954 1715 2675">
    <p class='ocr_par' dir='ltr' id='par_1_4' title="bbox 62 1954 1715 2675">
     <span class='ocr_line' id='line_1_22' title="bbox 209 1954 1715 2015; baseline 0.004 -15"><span class='ocrx_word' id='word_1_180' title='bbox 209 1954 346 2002; x_wconf 91' lang='lat' dir='ltr'>XXI.</span> <span class='ocrx_word' id='word_1_181' title='bbox 387 1954 580 2011; x_wconf 81' lang='lat' dir='ltr'><strong>Quaeris</strong></span> <span class='ocrx_word' id='word_1_182' title='bbox 604 1955 760 2012; x_wconf 87' lang='lat' dir='ltr'><strong>etiam,</strong></span> <span class='ocrx_word' id='word_1_183' title='bbox 785 1955 1062 2013; x_wconf 88' lang='lat' dir='ltr'><strong>Laterensis,</strong></span> <span class='ocrx_word' id='word_1_184' title='bbox 1086 1955 1198 2014; x_wconf 88' lang='lat' dir='ltr'><strong>quid</strong></span> <span class='ocrx_word' id='word_1_185' title='bbox 1223 1954 1503 2014; x_wconf 83' lang='lat' dir='ltr'><strong>imaginibus</strong></span> <span class='ocrx_word' id='word_1_186' title='bbox 1523 1955 1630 2015; x_wconf 87' lang='lat' dir='ltr'><strong>tuis,</strong></span> <span class='ocrx_word' id='word_1_187' title='bbox 1658 1959 1715 2005; x_wconf 90' lang='grc'><strong>51</strong></span> 
     </span>
     <span class='ocr_line' id='line_1_23' title="bbox 64 2036 1635 2096; baseline 0 -12"><span class='ocrx_word' id='word_1_188' title='bbox 64 2061 102 2092; x_wconf 84' lang='lat'><strong>15</strong></span> <span class='ocrx_word' id='word_1_189' title='bbox 124 2036 236 2096; x_wconf 87' lang='lat' dir='ltr'><strong>quid</strong></span> <span class='ocrx_word' id='word_1_190' title='bbox 261 2037 556 2083; x_wconf 88' lang='lat' dir='ltr'><strong>ornatissimo</strong></span> <span class='ocrx_word' id='word_1_191' title='bbox 579 2040 721 2096; x_wconf 89' lang='lat' dir='ltr'><strong>atque</strong></span> <span class='ocrx_word' id='word_1_192' title='bbox 748 2037 923 2096; x_wconf 90' lang='lat' dir='ltr'><strong>optimo</strong></span> <span class='ocrx_word' id='word_1_193' title='bbox 947 2037 1060 2095; x_wconf 83' lang='lat' dir='ltr'><strong>viro,</strong></span> <span class='ocrx_word' id='word_1_194' title='bbox 1089 2037 1212 2096; x_wconf 90' lang='lat' dir='ltr'><strong>patri</strong></span> <span class='ocrx_word' id='word_1_195' title='bbox 1236 2040 1330 2095; x_wconf 93' lang='lat' dir='ltr'><strong>tuo,</strong></span> <span class='ocrx_word' id='word_1_196' title='bbox 1360 2037 1635 2096; x_wconf 87' lang='lat' dir='ltr'><strong>respondeas</strong></span> 
     </span>
     <span class='ocr_line' id='line_1_24' title="bbox 125 2119 1634 2180; baseline 0.001 -14"><span class='ocrx_word' id='word_1_197' title='bbox 125 2123 320 2170; x_wconf 79' lang='lat' dir='ltr'><strong>mortuo,</strong></span> <span class='ocrx_word' id='word_1_198' title='bbox 394 2119 507 2166; x_wconf 91' lang='lat' dir='ltr'><strong>Noli</strong></span> <span class='ocrx_word' id='word_1_199' title='bbox 542 2120 635 2166; x_wconf 92' lang='lat' dir='ltr'><strong>ista</strong></span> <span class='ocrx_word' id='word_1_200' title='bbox 668 2119 896 2176; x_wconf 87' lang='lat' dir='ltr'><strong>meditari,</strong></span> <span class='ocrx_word' id='word_1_201' title='bbox 924 2123 1065 2178; x_wconf 87' lang='lat' dir='ltr'><strong>atque</strong></span> <span class='ocrx_word' id='word_1_202' title='bbox 1089 2119 1207 2165; x_wconf 88' lang='lat' dir='ltr'><strong>illud</strong></span> <span class='ocrx_word' id='word_1_203' title='bbox 1240 2135 1350 2166; x_wconf 88' lang='lat' dir='ltr'><strong>cave</strong></span> <span class='ocrx_word' id='word_1_204' title='bbox 1382 2121 1550 2180; x_wconf 92' lang='lat' dir='ltr'><strong>potius,</strong></span> <span class='ocrx_word' id='word_1_205' title='bbox 1578 2135 1634 2167; x_wconf 92' lang='lat' dir='ltr'><strong>ne</strong></span> 
     </span>
     <span class='ocr_line' id='line_1_25' title="bbox 125 2202 1634 2262; baseline 0.001 -14"><span class='ocrx_word' id='word_1_206' title='bbox 125 2206 208 2248; x_wconf 90' lang='lat' dir='ltr'><strong>tua</strong></span> <span class='ocrx_word' id='word_1_207' title='bbox 242 2203 335 2249; x_wconf 88' lang='lat' dir='ltr'><strong>ista</strong></span> <span class='ocrx_word' id='word_1_208' title='bbox 369 2202 574 2262; x_wconf 90' lang='lat' dir='ltr'><strong>querella</strong></span> <span class='ocrx_word' id='word_1_209' title='bbox 610 2202 830 2261; x_wconf 86' lang='lat' dir='ltr'><strong>dolorque</strong></span> <span class='ocrx_word' id='word_1_210' title='bbox 861 2202 1031 2248; x_wconf 89' lang='lat' dir='ltr'><strong>nimius</strong></span> <span class='ocrx_word' id='word_1_211' title='bbox 1061 2202 1121 2248; x_wconf 89' lang='lat' dir='ltr'><strong>ab</strong></span> <span class='ocrx_word' id='word_1_212' title='bbox 1156 2202 1250 2248; x_wconf 89' lang='lat' dir='ltr'><strong>illis</strong></span> <span class='ocrx_word' id='word_1_213' title='bbox 1283 2203 1634 2262; x_wconf 88' lang='lat' dir='ltr'><strong>sapientissimis</strong></span> 
     </span>
     <span class='ocr_line' id='line_1_26' title="bbox 125 2285 1632 2345; baseline 0 -14"><span class='ocrx_word' id='word_1_214' title='bbox 125 2286 237 2332; x_wconf 88' lang='lat' dir='ltr'><strong>viris</strong></span> <span class='ocrx_word' id='word_1_215' title='bbox 283 2285 657 2345; x_wconf 89' lang='lat' dir='ltr'><strong>reprehendatur.</strong></span> <span class='ocrx_word' id='word_1_216' title='bbox 748 2285 884 2331; x_wconf 89' lang='lat' dir='ltr'><strong>Vidit</strong></span> <span class='ocrx_word' id='word_1_217' title='bbox 924 2285 1047 2331; x_wconf 89' lang='lat' dir='ltr'><strong>enim</strong></span> <span class='ocrx_word' id='word_1_218' title='bbox 1093 2289 1227 2344; x_wconf 88' lang='lat' dir='ltr'><strong>pater</strong></span> <span class='ocrx_word' id='word_1_219' title='bbox 1272 2288 1382 2331; x_wconf 87' lang='lat' dir='ltr'><strong>tuus</strong></span> <span class='ocrx_word' id='word_1_220' title='bbox 1430 2285 1632 2345; x_wconf 89' lang='lat' dir='ltr'><strong>Appium</strong></span> 
     </span>
     <span class='ocr_line' id='line_1_27' title="bbox 127 2367 1632 2428; baseline 0 -14"><span class='ocrx_word' id='word_1_221' title='bbox 127 2367 389 2426; x_wconf 82' lang='lat' dir='ltr'><strong>Claudium,</strong></span> <span class='ocrx_word' id='word_1_222' title='bbox 414 2367 756 2414; x_wconf 84' lang='lat' dir='ltr'><strong>nobilissimum</strong></span> <span class='ocrx_word' id='word_1_223' title='bbox 780 2367 1028 2426; x_wconf 91' lang='lat' dir='ltr'><strong>hominem,</strong></span> <span class='ocrx_word' id='word_1_224' title='bbox 1057 2368 1165 2413; x_wconf 89' lang='lat' dir='ltr'><strong>vivo</strong></span> <span class='ocrx_word' id='word_1_225' title='bbox 1197 2372 1328 2427; x_wconf 90' lang='lat' dir='ltr'><strong>patre</strong></span> <span class='ocrx_word' id='word_1_226' title='bbox 1354 2383 1448 2428; x_wconf 92' lang='lat' dir='ltr'><strong>suo,</strong></span> <span class='ocrx_word' id='word_1_227' title='bbox 1477 2373 1632 2428; x_wconf 89' lang='lat' dir='ltr'><strong>poten-</strong></span> 
     </span>
     <span class='ocr_line' id='line_1_28' title="bbox 62 2449 1632 2509; baseline 0 -12"><span class='ocrx_word' id='word_1_228' title='bbox 62 2474 104 2497; x_wconf 71' lang='grc' dir='ltr'><strong>ω</strong></span> <span class='ocrx_word' id='word_1_229' title='bbox 125 2451 304 2497; x_wconf 89' lang='lat' dir='ltr'><strong>tissimo</strong></span> <span class='ocrx_word' id='word_1_230' title='bbox 339 2454 387 2496; x_wconf 87' lang='lat' dir='ltr'><strong>et</strong></span> <span class='ocrx_word' id='word_1_231' title='bbox 423 2450 677 2496; x_wconf 88' lang='lat' dir='ltr'><strong>clarissimo</strong></span> <span class='ocrx_word' id='word_1_232' title='bbox 712 2450 814 2508; x_wconf 87' lang='lat' dir='ltr'><strong>civi,</strong></span> <span class='ocrx_word' id='word_1_233' title='bbox 849 2450 899 2496; x_wconf 80' lang='lat' dir='ltr'><strong>C.</strong></span> <span class='ocrx_word' id='word_1_234' title='bbox 942 2449 1148 2509; x_wconf 84' lang='lat' dir='ltr'><strong>Claudio,</strong></span> <span class='ocrx_word' id='word_1_235' title='bbox 1177 2450 1372 2496; x_wconf 90' lang='lat' dir='ltr'><strong>aedilem</strong></span> <span class='ocrx_word' id='word_1_236' title='bbox 1408 2465 1498 2496; x_wconf 88' lang='lat' dir='ltr'><strong>non</strong></span> <span class='ocrx_word' id='word_1_237' title='bbox 1535 2466 1632 2497; x_wconf 88' lang='lat' dir='ltr'><strong>esse</strong></span> 
     </span>
     <span class='ocr_line' id='line_1_29' title="bbox 126 2532 1630 2593; baseline 0.001 -14"><span class='ocrx_word' id='word_1_238' title='bbox 126 2533 301 2579; x_wconf 89' lang='lat' dir='ltr'><strong>factum</strong></span> <span class='ocrx_word' id='word_1_239' title='bbox 339 2537 387 2579; x_wconf 88' lang='lat' dir='ltr'><strong>et</strong></span> <span class='ocrx_word' id='word_1_240' title='bbox 428 2533 625 2579; x_wconf 90' lang='lat' dir='ltr'><strong>eundem</strong></span> <span class='ocrx_word' id='word_1_241' title='bbox 662 2533 760 2579; x_wconf 89' lang='lat' dir='ltr'><strong>sine</strong></span> <span class='ocrx_word' id='word_1_242' title='bbox 796 2532 981 2593; x_wconf 89' lang='lat' dir='ltr'><strong>repulsa</strong></span> <span class='ocrx_word' id='word_1_243' title='bbox 1022 2532 1199 2579; x_wconf 89' lang='lat' dir='ltr'><strong>factum</strong></span> <span class='ocrx_word' id='word_1_244' title='bbox 1235 2548 1332 2579; x_wconf 90' lang='lat' dir='ltr'><strong>esse</strong></span> <span class='ocrx_word' id='word_1_245' title='bbox 1368 2533 1630 2581; x_wconf 90' lang='lat' dir='ltr'><strong>consulem:</strong></span> 
     </span>
     <span class='ocr_line' id='line_1_30' title="bbox 125 2615 1626 2675; baseline 0.001 -14"><span class='ocrx_word' id='word_1_246' title='bbox 125 2615 248 2662; x_wconf 85' lang='lat' dir='ltr'><strong>vidit</strong></span> <span class='ocrx_word' id='word_1_247' title='bbox 271 2615 503 2661; x_wconf 90' lang='lat' dir='ltr'><strong>hominem</strong></span> <span class='ocrx_word' id='word_1_248' title='bbox 529 2615 618 2662; x_wconf 91' lang='lat' dir='ltr'><strong>sibi</strong></span> <span class='ocrx_word' id='word_1_249' title='bbox 642 2616 843 2662; x_wconf 89' lang='lat' dir='ltr'><strong>maxime</strong></span> <span class='ocrx_word' id='word_1_250' title='bbox 868 2616 1180 2673; x_wconf 89' lang='lat' dir='ltr'><strong>coniunctum,</strong></span> <span class='ocrx_word' id='word_1_251' title='bbox 1203 2616 1438 2675; x_wconf 89' lang='lat' dir='ltr'><strong>egregium</strong></span> <span class='ocrx_word' id='word_1_252' title='bbox 1462 2617 1626 2675; x_wconf 87' lang='lat' dir='ltr'><strong>virum,</strong></span> 
     </span>
    </p>
   </div>
   <div class='ocr_carea' id='block_1_5' title="bbox 31 2697 1631 2803">
    <p class='ocr_par' dir='ltr' id='par_1_5' title="bbox 31 2697 1631 2803">
     <span class='ocr_line' id='line_1_31' title="bbox 127 2697 1631 2757; baseline 0.001 -14"><span class='ocrx_word' id='word_1_253' title='bbox 127 2697 178 2745; x_wconf 91' lang='lat' dir='ltr'><strong>L.</strong></span> <span class='ocrx_word' id='word_1_254' title='bbox 207 2697 485 2757; x_wconf 85' lang='lat' dir='ltr'><strong>Volcatium,</strong></span> <span class='ocrx_word' id='word_1_255' title='bbox 515 2698 635 2744; x_wconf 88' lang='lat' dir='ltr'><strong>vidit</strong></span> <span class='ocrx_word' id='word_1_256' title='bbox 668 2698 734 2744; x_wconf 89' lang='lat' dir='ltr'><strong>M.</strong></span> <span class='ocrx_word' id='word_1_257' title='bbox 765 2698 979 2744; x_wconf 90' lang='lat' dir='ltr'><strong>Pisonem</strong></span> <span class='ocrx_word' id='word_1_258' title='bbox 1005 2698 1095 2743; x_wconf 86' lang='lat' dir='ltr'><strong>ista</strong></span> <span class='ocrx_word' id='word_1_259' title='bbox 1119 2698 1166 2743; x_wconf 89' lang='lat' dir='ltr'><strong>in</strong></span> <span class='ocrx_word' id='word_1_260' title='bbox 1191 2697 1429 2744; x_wconf 86' lang='lat' dir='ltr'><strong>aedilitate</strong></span> <span class='ocrx_word' id='word_1_261' title='bbox 1454 2699 1631 2745; x_wconf 87' lang='lat' dir='ltr'><strong>offensi-</strong></span> 
     </span>
     <span class='ocr_line' id='line_1_32' title="bbox 31 2779 33 2803; baseline 0 0"><span class='ocrx_word' id='word_1_262' title='bbox 31 2779 33 2803; x_wconf 63' lang='lat'>1</span> 
     </span>
    </p>
   </div>
  </div>
 </body>
</html>
