<?xml version="1.0" encoding="UTF-8"?>
<!DOCTYPE html PUBLIC "-//W3C//DTD XHTML 1.0 Transitional//EN"
    "http://www.w3.org/TR/xhtml1/DTD/xhtml1-transitional.dtd">
<html xmlns="http://www.w3.org/1999/xhtml" xml:lang="en" lang="en">
 <head>
  <title>
</title>
<meta http-equiv="Content-Type" content="text/html;charset=utf-8" />
  <meta name='ocr-system' content='tesseract 3.04.00' />
  <meta name='ocr-capabilities' content='ocr_page ocr_carea ocr_par ocr_line ocrx_word'/>
</head>
<body>
  <div class='ocr_page' id='page_1' title='image "./proplancioedited00ciceuoft/proplancioedited00ciceuoft_0100.png"; bbox 0 0 1846 2996; ppageno 0'>
   <div class='ocr_carea' id='block_1_1' title="bbox 191 195 1688 245">
    <p class='ocr_par' dir='ltr' id='par_1_1' title="bbox 191 195 1688 245">
     <span class='ocr_line' id='line_1_1' title="bbox 191 195 1688 245; baseline 0.004 -12"><span class='ocrx_word' id='word_1_1' title='bbox 191 196 267 245; x_wconf 18' lang='lat'>12&amp;</span> <span class='ocrx_word' id='word_1_2' title='bbox 634 195 692 236; x_wconf 92' lang='lat' dir='ltr'>M.</span> <span class='ocrx_word' id='word_1_3' title='bbox 727 195 897 238; x_wconf 87' lang='lat' dir='ltr'><strong>TULLI</strong></span> <span class='ocrx_word' id='word_1_4' title='bbox 929 195 1235 238; x_wconf 84' lang='lat' dir='ltr'>CICERONIS</span> <span class='ocrx_word' id='word_1_5' title='bbox 1599 202 1619 241; x_wconf 64' lang='grc' dir='ltr'><strong>ἓ</strong></span> <span class='ocrx_word' id='word_1_6' title='bbox 1638 200 1688 239; x_wconf 82' lang='lat'>23</span> 
     </span>
    </p>
   </div>
   <div class='ocr_carea' id='block_1_2' title="bbox 190 327 1690 553">
    <p class='ocr_par' dir='ltr' id='par_1_2' title="bbox 190 327 1690 553">
     <span class='ocr_line' id='line_1_2' title="bbox 190 327 1690 391; baseline 0.003 -19"><span class='ocrx_word' id='word_1_7' title='bbox 190 327 418 387; x_wconf 77' lang='lat' dir='ltr'>dignitate</span> <span class='ocrx_word' id='word_1_8' title='bbox 459 327 802 376; x_wconf 75' lang='lat' dir='ltr'>arbitrabatur:</span> <span class='ocrx_word' id='word_1_9' title='bbox 871 328 1108 388; x_wconf 81' lang='lat' dir='ltr'>isdemque</span> <span class='ocrx_word' id='word_1_10' title='bbox 1159 345 1281 376; x_wconf 88' lang='lat' dir='ltr'>nunc</span> <span class='ocrx_word' id='word_1_11' title='bbox 1327 345 1383 377; x_wconf 88' lang='lat' dir='ltr'>ex</span> <span class='ocrx_word' id='word_1_12' title='bbox 1428 331 1690 391; x_wconf 87' lang='lat' dir='ltr'>municipiis</span> 
     </span>
     <span class='ocr_line' id='line_1_3' title="bbox 190 409 1687 472; baseline 0.004 -18"><span class='ocrx_word' id='word_1_13' title='bbox 190 409 360 455; x_wconf 82' lang='lat' dir='ltr'>adsunt</span> <span class='ocrx_word' id='word_1_14' title='bbox 385 410 562 468; x_wconf 84' lang='lat' dir='ltr'>equites</span> <span class='ocrx_word' id='word_1_15' title='bbox 588 410 787 456; x_wconf 86' lang='lat' dir='ltr'>Romani</span> <span class='ocrx_word' id='word_1_16' title='bbox 809 410 991 469; x_wconf 89' lang='lat' dir='ltr'>publice</span> <span class='ocrx_word' id='word_1_17' title='bbox 1016 426 1119 457; x_wconf 92' lang='lat' dir='ltr'>cum</span> <span class='ocrx_word' id='word_1_18' title='bbox 1150 411 1378 471; x_wconf 87' lang='lat' dir='ltr'>legatione</span> <span class='ocrx_word' id='word_1_19' title='bbox 1410 414 1687 472; x_wconf 86' lang='lat' dir='ltr'>testimonio,</span> 
     </span>
     <span class='ocr_line' id='line_1_4' title="bbox 190 485 1686 553; baseline 0.004 -17"><span class='ocrx_word' id='word_1_20' title='bbox 190 506 274 537; x_wconf 90' lang='lat' dir='ltr'>nec</span> <span class='ocrx_word' id='word_1_21' title='bbox 291 492 465 537; x_wconf 89' lang='lat' dir='ltr'>minore</span> <span class='ocrx_word' id='word_1_22' title='bbox 484 507 604 538; x_wconf 88' lang='lat' dir='ltr'>nunc</span> <span class='ocrx_word' id='word_1_23' title='bbox 622 496 732 539; x_wconf 91' lang='lat' dir='ltr'>sunt</span> <span class='ocrx_word' id='word_1_24' title='bbox 750 492 1062 540; x_wconf 88' lang='lat' dir='ltr'>sollicitudine</span> <span class='ocrx_word' id='word_1_25' title='bbox 1086 485 1226 553; x_wconf 85' lang='lat' dir='ltr'>quam</span> <span class='ocrx_word' id='word_1_26' title='bbox 1251 498 1353 540; x_wconf 92' lang='lat' dir='ltr'>tum</span> <span class='ocrx_word' id='word_1_27' title='bbox 1371 499 1502 542; x_wconf 88' lang='lat' dir='ltr'>erant</span> <span class='ocrx_word' id='word_1_28' title='bbox 1520 496 1686 543; x_wconf 86' lang='lat' dir='ltr'>studio.</span> 
     </span>
    </p>
   </div>
   <div class='ocr_carea' id='block_1_3' title="bbox 191 643 1695 1021">
    <p class='ocr_par' dir='ltr' id='par_1_3' title="bbox 191 643 1695 1021">
     <span class='ocr_line' id='line_1_5' title="bbox 191 643 1693 698; baseline 0.004 -17"><span class='ocrx_word' id='word_1_29' title='bbox 191 645 234 691; x_wconf 61' lang='grc' dir='ltr'>ἕξ</span> <span class='ocrx_word' id='word_1_30' title='bbox 256 644 399 682; x_wconf 84' lang='grc'><strong>23-30.</strong></span> <span class='ocrx_word' id='word_1_31' title='bbox 430 643 643 684; x_wconf 77' lang='lat' dir='ltr'>Plancius’</span> <span class='ocrx_word' id='word_1_32' title='bbox 665 646 830 684; x_wconf 77' lang='lat' dir='ltr'>election</span> <span class='ocrx_word' id='word_1_33' title='bbox 859 658 944 684; x_wconf 78' lang='lat' dir='ltr'>was</span> <span class='ocrx_word' id='word_1_34' title='bbox 971 647 1058 686; x_wconf 79' lang='lat' dir='ltr'>also</span> <span class='ocrx_word' id='word_1_35' title='bbox 1075 647 1301 697; x_wconf 76' lang='lat' dir='ltr'>further-ed</span> <span class='ocrx_word' id='word_1_36' title='bbox 1332 648 1380 698; x_wconf 76' lang='lat' dir='ltr'>by</span> <span class='ocrx_word' id='word_1_37' title='bbox 1403 647 1467 686; x_wconf 76' lang='lat' dir='ltr'>the</span> <span class='ocrx_word' id='word_1_38' title='bbox 1493 648 1693 697; x_wconf 76' lang='lat' dir='ltr'>influence</span> 
     </span>
     <span class='ocr_line' id='line_1_6' title="bbox 301 709 1691 765; baseline 0.004 -18"><span class='ocrx_word' id='word_1_39' title='bbox 301 709 349 758; x_wconf 88' lang='lat' dir='ltr'>of</span> <span class='ocrx_word' id='word_1_40' title='bbox 370 709 437 747; x_wconf 75' lang='lat' dir='ltr'>his</span> <span class='ocrx_word' id='word_1_41' title='bbox 453 709 612 759; x_wconf 77' lang='lat' dir='ltr'>father,</span> <span class='ocrx_word' id='word_1_42' title='bbox 638 723 708 749; x_wconf 85' lang='lat' dir='ltr'>one</span> <span class='ocrx_word' id='word_1_43' title='bbox 729 711 777 761; x_wconf 83' lang='lat' dir='ltr'>of</span> <span class='ocrx_word' id='word_1_44' title='bbox 800 710 864 749; x_wconf 82' lang='lat' dir='ltr'>the</span> <span class='ocrx_word' id='word_1_45' title='bbox 893 714 994 750; x_wconf 82' lang='lat' dir='ltr'>most</span> <span class='ocrx_word' id='word_1_46' title='bbox 1016 713 1255 762; x_wconf 72' lang='lat' dir='ltr'>prominent</span> <span class='ocrx_word' id='word_1_47' title='bbox 1284 713 1331 763; x_wconf 82' lang='lat' dir='ltr'>os</span> <span class='ocrx_word' id='word_1_48' title='bbox 1354 713 1417 751; x_wconf 73' lang='lat' dir='ltr'>tlte</span> <span class='ocrx_word' id='word_1_49' title='bbox 1447 712 1691 765; x_wconf 80' lang='lat' dir='ltr'>publicani3</span> 
     </span>
     <span class='ocr_line' id='line_1_7' title="bbox 302 772 1694 827; baseline 0.004 -15"><span class='ocrx_word' id='word_1_50' title='bbox 302 773 352 823; x_wconf 75' lang='lat' dir='ltr'>by</span> <span class='ocrx_word' id='word_1_51' title='bbox 383 772 552 813; x_wconf 75' lang='lat' dir='ltr'>Cicero’s</span> <span class='ocrx_word' id='word_1_52' title='bbox 580 775 781 814; x_wconf 73' lang='lat' dir='ltr'>exertions</span> <span class='ocrx_word' id='word_1_53' title='bbox 809 787 861 813; x_wconf 85' lang='lat' dir='ltr'>on</span> <span class='ocrx_word' id='word_1_54' title='bbox 888 775 956 814; x_wconf 65' lang='lat' dir='ltr'>lais</span> <span class='ocrx_word' id='word_1_55' title='bbox 985 775 1132 826; x_wconf 74' lang='lat' dir='ltr'>behalf,</span> <span class='ocrx_word' id='word_1_56' title='bbox 1157 777 1205 815; x_wconf 78' lang='lat' dir='ltr'>in</span> <span class='ocrx_word' id='word_1_57' title='bbox 1233 780 1380 816; x_wconf 82' lang='lat' dir='ltr'>return</span> <span class='ocrx_word' id='word_1_58' title='bbox 1397 777 1474 827; x_wconf 85' lang='lat' dir='ltr'>for</span> <span class='ocrx_word' id='word_1_59' title='bbox 1500 778 1694 817; x_wconf 76' lang='lat' dir='ltr'>kindness</span> 
     </span>
     <span class='ocr_line' id='line_1_8' title="bbox 300 838 1695 892; baseline 0.004 -16"><span class='ocrx_word' id='word_1_60' title='bbox 300 838 477 877; x_wconf 72' lang='lat' dir='ltr'>received</span> <span class='ocrx_word' id='word_1_61' title='bbox 508 838 668 889; x_wconf 63' lang='lat' dir='ltr'>during}</span> <span class='ocrx_word' id='word_1_62' title='bbox 701 840 833 887; x_wconf 55' lang='lat' dir='ltr'>exone,-</span> <span class='ocrx_word' id='word_1_63' title='bbox 884 840 1022 890; x_wconf 74' lang='lat' dir='ltr'>Zastty,</span> <span class='ocrx_word' id='word_1_64' title='bbox 1055 840 1268 880; x_wconf 79' lang='lat' dir='ltr'>Plancius’</span> <span class='ocrx_word' id='word_1_65' title='bbox 1292 842 1458 892; x_wconf 59' lang='lat' dir='ltr'>private</span> <span class='ocrx_word' id='word_1_66' title='bbox 1488 842 1695 882; x_wconf 70' lang='lat' dir='ltr'>character</span> 
     </span>
     <span class='ocr_line' id='line_1_9' title="bbox 301 903 1695 958; baseline 0.004 -17"><span class='ocrx_word' id='word_1_67' title='bbox 301 903 388 942; x_wconf 82' lang='lat' dir='ltr'>and</span> <span class='ocrx_word' id='word_1_68' title='bbox 416 905 582 953; x_wconf 72' lang='lat' dir='ltr'>qenerat</span> <span class='ocrx_word' id='word_1_69' title='bbox 612 905 741 944; x_wconf 77' lang='lat' dir='ltr'>worth</span> <span class='ocrx_word' id='word_1_70' title='bbox 773 905 894 943; x_wconf 79' lang='lat' dir='ltr'>made</span> <span class='ocrx_word' id='word_1_71' title='bbox 923 905 1026 955; x_wconf 74' lang='lat' dir='ltr'>him,</span> <span class='ocrx_word' id='word_1_72' title='bbox 1053 906 1102 944; x_wconf 80' lang='lat' dir='ltr'>in</span> <span class='ocrx_word' id='word_1_73' title='bbox 1130 906 1194 945; x_wconf 76' lang='lat' dir='ltr'>tlte</span> <span class='ocrx_word' id='word_1_74' title='bbox 1223 919 1310 957; x_wconf 75' lang='lat' dir='ltr'>eyes</span> <span class='ocrx_word' id='word_1_75' title='bbox 1335 908 1383 958; x_wconf 89' lang='lat' dir='ltr'>os</span> <span class='ocrx_word' id='word_1_76' title='bbox 1404 906 1468 946; x_wconf 76' lang='lat' dir='ltr'>the</span> <span class='ocrx_word' id='word_1_77' title='bbox 1489 909 1641 958; x_wconf 77' lang='lat' dir='ltr'>people,</span> <span class='ocrx_word' id='word_1_78' title='bbox 1668 920 1695 946; x_wconf 86' lang='lat' dir='ltr'>a</span> 
     </span>
     <span class='ocr_line' id='line_1_10' title="bbox 301 969 1195 1021; baseline 0.003 -14"><span class='ocrx_word' id='word_1_79' title='bbox 301 971 404 1007; x_wconf 75' lang='lat' dir='ltr'>‘most</span> <span class='ocrx_word' id='word_1_80' title='bbox 422 969 579 1020; x_wconf 73' lang='lat' dir='ltr'>worthy</span> <span class='ocrx_word' id='word_1_81' title='bbox 599 970 793 1020; x_wconf 70' lang='lat' dir='ltr'>recipient</span> <span class='ocrx_word' id='word_1_82' title='bbox 814 971 861 1021; x_wconf 89' lang='lat' dir='ltr'>of</span> <span class='ocrx_word' id='word_1_83' title='bbox 874 970 937 1009; x_wconf 78' lang='lat' dir='ltr'>the</span> <span class='ocrx_word' id='word_1_84' title='bbox 957 971 1195 1021; x_wconf 72' lang='lat' dir='ltr'>aedileship.</span> 
     </span>
    </p>
   </div>
   <div class='ocr_carea' id='block_1_4' title="bbox 111 1063 1759 2672">
    <p class='ocr_par' dir='ltr' id='par_1_4' title="bbox 111 1063 1695 1130">
     <span class='ocr_line' id='line_1_11' title="bbox 111 1063 1695 1130; baseline 0.004 -20"><span class='ocrx_word' id='word_1_85' title='bbox 111 1063 169 1109; x_wconf 86' lang='lat'>23</span> <span class='ocrx_word' id='word_1_86' title='bbox 276 1065 463 1112; x_wconf 88' lang='lat' dir='ltr'>Etenim</span> <span class='ocrx_word' id='word_1_87' title='bbox 489 1070 558 1112; x_wconf 89' lang='lat' dir='ltr'>est</span> <span class='ocrx_word' id='word_1_88' title='bbox 587 1067 774 1126; x_wconf 88' lang='lat' dir='ltr'>gravius</span> <span class='ocrx_word' id='word_1_89' title='bbox 799 1068 986 1126; x_wconf 89' lang='lat' dir='ltr'>spoliari</span> <span class='ocrx_word' id='word_1_90' title='bbox 1014 1068 1214 1115; x_wconf 88' lang='lat' dir='ltr'>fortunis</span> <span class='ocrx_word' id='word_1_91' title='bbox 1242 1085 1383 1128; x_wconf 90' lang='lat' dir='ltr'>quam</span> <span class='ocrx_word' id='word_1_92' title='bbox 1414 1085 1506 1116; x_wconf 92' lang='lat' dir='ltr'>non</span> <span class='ocrx_word' id='word_1_93' title='bbox 1538 1071 1695 1130; x_wconf 88' lang='lat' dir='ltr'>augeri</span> 
     </span>
    </p>

    <p class='ocr_par' dir='ltr' id='par_1_5' title="bbox 129 1147 1759 1949">
     <span class='ocr_line' id='line_1_12' title="bbox 129 1147 1737 1212; baseline 0.006 -21"><span class='ocrx_word' id='word_1_94' title='bbox 129 1164 132 1167; x_wconf 53' lang='grc'>“</span> <span class='ocrx_word' id='word_1_95' title='bbox 193 1147 435 1206; x_wconf 87' lang='lat' dir='ltr'>dignitate.</span> <span class='ocrx_word' id='word_1_96' title='bbox 510 1148 631 1207; x_wconf 90' lang='lat' dir='ltr'>Ergo</span> <span class='ocrx_word' id='word_1_97' title='bbox 656 1153 710 1196; x_wconf 93' lang='lat' dir='ltr'>ut</span> <span class='ocrx_word' id='word_1_98' title='bbox 729 1149 820 1195; x_wconf 90' lang='lat' dir='ltr'>alia</span> <span class='ocrx_word' id='word_1_99' title='bbox 838 1151 886 1195; x_wconf 90' lang='lat' dir='ltr'>in</span> <span class='ocrx_word' id='word_1_100' title='bbox 905 1154 952 1196; x_wconf 91' lang='lat' dir='ltr'>te</span> <span class='ocrx_word' id='word_1_101' title='bbox 971 1155 1102 1197; x_wconf 87' lang='lat' dir='ltr'>erant</span> <span class='ocrx_word' id='word_1_102' title='bbox 1127 1151 1392 1211; x_wconf 86' lang='lat' dir='ltr'>illustriora,</span> <span class='ocrx_word' id='word_1_103' title='bbox 1415 1152 1689 1212; x_wconf 82' lang='lat' dir='ltr'>Laterensis,</span> <span class='ocrx_word' id='word_1_104' title='bbox 1720 1178 1737 1207; x_wconf 86' lang='lat'>5</span> 
     </span>
     <span class='ocr_line' id='line_1_13' title="bbox 193 1230 1695 1293; baseline 0.005 -19"><span class='ocrx_word' id='word_1_105' title='bbox 193 1244 310 1288; x_wconf 90' lang='lat' dir='ltr'>quae</span> <span class='ocrx_word' id='word_1_106' title='bbox 353 1230 441 1276; x_wconf 90' lang='lat' dir='ltr'>tibi</span> <span class='ocrx_word' id='word_1_107' title='bbox 479 1231 672 1277; x_wconf 90' lang='lat' dir='ltr'>maiores</span> <span class='ocrx_word' id='word_1_108' title='bbox 714 1232 785 1277; x_wconf 92' lang='lat' dir='ltr'>tui</span> <span class='ocrx_word' id='word_1_109' title='bbox 826 1232 1120 1293; x_wconf 89' lang='lat' dir='ltr'>reliquerant,</span> <span class='ocrx_word' id='word_1_110' title='bbox 1162 1234 1227 1280; x_wconf 87' lang='lat' dir='ltr'>sio</span> <span class='ocrx_word' id='word_1_111' title='bbox 1265 1237 1312 1280; x_wconf 92' lang='lat' dir='ltr'>te</span> <span class='ocrx_word' id='word_1_112' title='bbox 1353 1234 1570 1281; x_wconf 82' lang='lat' dir='ltr'>Plancius</span> <span class='ocrx_word' id='word_1_113' title='bbox 1610 1234 1695 1281; x_wconf 88' lang='lat' dir='ltr'>hoc</span> 
     </span>
     <span class='ocr_line' id='line_1_14' title="bbox 193 1311 1695 1376; baseline 0.005 -20"><span class='ocrx_word' id='word_1_114' title='bbox 193 1326 285 1356; x_wconf 95' lang='lat' dir='ltr'>non</span> <span class='ocrx_word' id='word_1_115' title='bbox 335 1311 483 1357; x_wconf 87' lang='lat' dir='ltr'>solum</span> <span class='ocrx_word' id='word_1_116' title='bbox 529 1313 781 1372; x_wconf 85' lang='lat' dir='ltr'>municipii,</span> <span class='ocrx_word' id='word_1_117' title='bbox 833 1329 992 1360; x_wconf 89' lang='lat' dir='ltr'>verum</span> <span class='ocrx_word' id='word_1_118' title='bbox 1040 1315 1181 1361; x_wconf 88' lang='lat' dir='ltr'>etiam</span> <span class='ocrx_word' id='word_1_119' title='bbox 1231 1311 1486 1362; x_wconf 86' lang='lat' dir='ltr'>vicinitatis</span> <span class='ocrx_word' id='word_1_120' title='bbox 1531 1332 1695 1376; x_wconf 89' lang='lat' dir='ltr'>genere</span> 
     </span>
     <span class='ocr_line' id='line_1_15' title="bbox 193 1393 1695 1444; baseline 0.004 -6"><span class='ocrx_word' id='word_1_121' title='bbox 193 1393 420 1440; x_wconf 87' lang='lat' dir='ltr'>vincebat.</span> <span class='ocrx_word' id='word_1_122' title='bbox 508 1394 615 1440; x_wconf 89' lang='lat' dir='ltr'>Nisi</span> <span class='ocrx_word' id='word_1_123' title='bbox 673 1395 790 1442; x_wconf 90' lang='lat' dir='ltr'>forte</span> <span class='ocrx_word' id='word_1_124' title='bbox 849 1400 896 1442; x_wconf 91' lang='lat' dir='ltr'>te</span> <span class='ocrx_word' id='word_1_125' title='bbox 952 1397 1184 1443; x_wconf 88' lang='lat' dir='ltr'>Labicana</span> <span class='ocrx_word' id='word_1_126' title='bbox 1233 1408 1316 1443; x_wconf 90' lang='lat' dir='ltr'>aut</span> <span class='ocrx_word' id='word_1_127' title='bbox 1375 1398 1558 1444; x_wconf 85' lang='lat' dir='ltr'>Gabina</span> <span class='ocrx_word' id='word_1_128' title='bbox 1613 1403 1695 1444; x_wconf 91' lang='lat' dir='ltr'>aut</span> 
     </span>
     <span class='ocr_line' id='line_1_16' title="bbox 195 1475 1695 1539; baseline 0.005 -19"><span class='ocrx_word' id='word_1_129' title='bbox 195 1475 438 1522; x_wconf 88' lang='lat' dir='ltr'>Bovillana</span> <span class='ocrx_word' id='word_1_130' title='bbox 474 1477 688 1523; x_wconf 80' lang='lat' dir='ltr'>vicinitas</span> <span class='ocrx_word' id='word_1_131' title='bbox 725 1478 1006 1526; x_wconf 88' lang='lat' dir='ltr'>adiuvabat:</span> <span class='ocrx_word' id='word_1_132' title='bbox 1055 1479 1222 1538; x_wconf 91' lang='lat' dir='ltr'>quibus</span> <span class='ocrx_word' id='word_1_133' title='bbox 1260 1495 1284 1526; x_wconf 95' lang='lat' dir='ltr'>e</span> <span class='ocrx_word' id='word_1_134' title='bbox 1319 1481 1582 1539; x_wconf 84' lang='lat' dir='ltr'>munlcipiis</span> <span class='ocrx_word' id='word_1_135' title='bbox 1615 1481 1695 1527; x_wconf 85' lang='lat' dir='ltr'>vix</span> 
     </span>
     <span class='ocr_line' id='line_1_17' title="bbox 193 1558 1759 1621; baseline 0.004 -18"><span class='ocrx_word' id='word_1_136' title='bbox 193 1558 299 1616; x_wconf 89' lang='lat' dir='ltr'>iam,</span> <span class='ocrx_word' id='word_1_137' title='bbox 344 1559 424 1617; x_wconf 89' lang='lat' dir='ltr'>qui</span> <span class='ocrx_word' id='word_1_138' title='bbox 462 1574 644 1605; x_wconf 91' lang='lat' dir='ltr'>carnem</span> <span class='ocrx_word' id='word_1_139' title='bbox 683 1559 864 1606; x_wconf 88' lang='lat' dir='ltr'>Latinis</span> <span class='ocrx_word' id='word_1_140' title='bbox 913 1565 1090 1619; x_wconf 89' lang='lat' dir='ltr'>petant,</span> <span class='ocrx_word' id='word_1_141' title='bbox 1132 1565 1436 1621; x_wconf 82' lang='lat' dir='ltr'>reperluntur.</span> <span class='ocrx_word' id='word_1_142' title='bbox 1515 1562 1693 1608; x_wconf 90' lang='lat' dir='ltr'>Adiun-</span> <span class='ocrx_word' id='word_1_143' title='bbox 1719 1590 1759 1610; x_wconf 91' lang='lat'>10</span> 
     </span>
     <span class='ocr_line' id='line_1_18' title="bbox 193 1641 1694 1704; baseline 0.003 -19"><span class='ocrx_word' id='word_1_144' title='bbox 193 1655 369 1699; x_wconf 89' lang='lat' dir='ltr'>gamus,</span> <span class='ocrx_word' id='word_1_145' title='bbox 392 1641 431 1686; x_wconf 90' lang='lat' dir='ltr'>si</span> <span class='ocrx_word' id='word_1_146' title='bbox 455 1641 538 1700; x_wconf 89' lang='lat' dir='ltr'>vis,</span> <span class='ocrx_word' id='word_1_147' title='bbox 563 1641 623 1700; x_wconf 86' lang='lat' dir='ltr'>id,</span> <span class='ocrx_word' id='word_1_148' title='bbox 647 1642 770 1701; x_wconf 88' lang='lat' dir='ltr'>quod</span> <span class='ocrx_word' id='word_1_149' title='bbox 794 1646 849 1688; x_wconf 91' lang='lat' dir='ltr'>tu</span> <span class='ocrx_word' id='word_1_150' title='bbox 872 1642 980 1689; x_wconf 89' lang='lat' dir='ltr'>huic</span> <span class='ocrx_word' id='word_1_151' title='bbox 999 1643 1156 1689; x_wconf 90' lang='lat' dir='ltr'>obesse</span> <span class='ocrx_word' id='word_1_152' title='bbox 1175 1645 1316 1689; x_wconf 88' lang='lat' dir='ltr'>etiam</span> <span class='ocrx_word' id='word_1_153' title='bbox 1339 1649 1490 1703; x_wconf 90' lang='lat' dir='ltr'>putas,</span> <span class='ocrx_word' id='word_1_154' title='bbox 1515 1648 1694 1704; x_wconf 87' lang='lat' dir='ltr'>patrem</span> 
     </span>
     <span class='ocr_line' id='line_1_19' title="bbox 194 1722 1694 1784; baseline 0.003 -17"><span class='ocrx_word' id='word_1_155' title='bbox 194 1722 522 1781; x_wconf 86' lang='lat' dir='ltr'>publicanum:</span> <span class='ocrx_word' id='word_1_156' title='bbox 565 1724 645 1782; x_wconf 94' lang='lat' dir='ltr'>qui</span> <span class='ocrx_word' id='word_1_157' title='bbox 681 1724 790 1770; x_wconf 88' lang='lat' dir='ltr'>ordo</span> <span class='ocrx_word' id='word_1_158' title='bbox 825 1729 1000 1784; x_wconf 91' lang='lat' dir='ltr'>quanto</span> <span class='ocrx_word' id='word_1_159' title='bbox 1037 1725 1305 1772; x_wconf 89' lang='lat' dir='ltr'>adiumento</span> <span class='ocrx_word' id='word_1_160' title='bbox 1340 1727 1403 1772; x_wconf 90' lang='lat' dir='ltr'>sit</span> <span class='ocrx_word' id='word_1_161' title='bbox 1440 1727 1488 1771; x_wconf 92' lang='lat' dir='ltr'>in</span> <span class='ocrx_word' id='word_1_162' title='bbox 1526 1726 1694 1772; x_wconf 91' lang='lat' dir='ltr'>honore</span> 
     </span>
     <span class='ocr_line' id='line_1_20' title="bbox 194 1804 1694 1866; baseline 0.003 -17"><span class='ocrx_word' id='word_1_163' title='bbox 194 1804 298 1862; x_wconf 90' lang='lat' dir='ltr'>quis</span> <span class='ocrx_word' id='word_1_164' title='bbox 320 1805 497 1851; x_wconf 67' lang='lat' dir='ltr'>nescit‘l</span> <span class='ocrx_word' id='word_1_165' title='bbox 539 1805 646 1851; x_wconf 89' lang='lat' dir='ltr'>Flos</span> <span class='ocrx_word' id='word_1_166' title='bbox 666 1807 788 1852; x_wconf 90' lang='lat' dir='ltr'>enim</span> <span class='ocrx_word' id='word_1_167' title='bbox 804 1807 1014 1865; x_wconf 89' lang='lat' dir='ltr'>equitum</span> <span class='ocrx_word' id='word_1_168' title='bbox 1031 1807 1355 1866; x_wconf 88' lang='lat' dir='ltr'>Romanorum,</span> <span class='ocrx_word' id='word_1_169' title='bbox 1375 1812 1694 1854; x_wconf 85' lang='lat' dir='ltr'>ornamentum</span> 
     </span>
     <span class='ocr_line' id='line_1_21' title="bbox 195 1885 1695 1949; baseline 0.004 -19"><span class='ocrx_word' id='word_1_170' title='bbox 195 1885 412 1944; x_wconf 90' lang='lat' dir='ltr'>civitatis,</span> <span class='ocrx_word' id='word_1_171' title='bbox 442 1886 786 1934; x_wconf 90' lang='lat' dir='ltr'>firmamentum</span> <span class='ocrx_word' id='word_1_172' title='bbox 814 1889 880 1934; x_wconf 90' lang='lat' dir='ltr'>rei</span> <span class='ocrx_word' id='word_1_173' title='bbox 909 1889 1120 1948; x_wconf 87' lang='lat' dir='ltr'>publicae</span> <span class='ocrx_word' id='word_1_174' title='bbox 1154 1889 1501 1949; x_wconf 85' lang='lat' dir='ltr'>publicanorum</span> <span class='ocrx_word' id='word_1_175' title='bbox 1538 1890 1695 1936; x_wconf 87' lang='lat' dir='ltr'>ordine</span> 
     </span>
    </p>

    <p class='ocr_par' dir='ltr' id='par_1_6' title="bbox 115 1968 1759 2672">
     <span class='ocr_line' id='line_1_22' title="bbox 115 1968 1756 2031; baseline 0.004 -18"><span class='ocrx_word' id='word_1_176' title='bbox 115 1969 173 2014; x_wconf 87' lang='lat'>24</span> <span class='ocrx_word' id='word_1_177' title='bbox 196 1968 469 2015; x_wconf 89' lang='lat' dir='ltr'>continetur.</span> <span class='ocrx_word' id='word_1_178' title='bbox 582 1969 696 2026; x_wconf 79' lang='lat' dir='ltr'>Quis</span> <span class='ocrx_word' id='word_1_179' title='bbox 744 1974 816 2017; x_wconf 92' lang='lat' dir='ltr'>est</span> <span class='ocrx_word' id='word_1_180' title='bbox 862 1971 1019 2030; x_wconf 84' lang='lat' dir='ltr'>igitur,</span> <span class='ocrx_word' id='word_1_181' title='bbox 1071 1972 1151 2031; x_wconf 93' lang='lat' dir='ltr'>qui</span> <span class='ocrx_word' id='word_1_182' title='bbox 1197 1976 1333 2031; x_wconf 90' lang='lat' dir='ltr'>neget</span> <span class='ocrx_word' id='word_1_183' title='bbox 1380 1972 1552 2018; x_wconf 85' lang='lat' dir='ltr'>ordinis</span> <span class='ocrx_word' id='word_1_184' title='bbox 1597 1972 1694 2018; x_wconf 89' lang='lat' dir='ltr'>eius</span> <span class='ocrx_word' id='word_1_185' title='bbox 1721 1994 1756 2023; x_wconf 87' lang='lat'>15</span> 
     </span>
     <span class='ocr_line' id='line_1_23' title="bbox 196 2049 1694 2114; baseline 0.003 -19"><span class='ocrx_word' id='word_1_186' title='bbox 196 2049 403 2095; x_wconf 91' lang='lat' dir='ltr'>studium</span> <span class='ocrx_word' id='word_1_187' title='bbox 450 2050 590 2097; x_wconf 88' lang='lat' dir='ltr'>fuisse</span> <span class='ocrx_word' id='word_1_188' title='bbox 632 2052 681 2097; x_wconf 94' lang='lat' dir='ltr'>in</span> <span class='ocrx_word' id='word_1_189' title='bbox 728 2052 898 2099; x_wconf 90' lang='lat' dir='ltr'>honore</span> <span class='ocrx_word' id='word_1_190' title='bbox 946 2053 1124 2099; x_wconf 90' lang='lat' dir='ltr'>Plancii</span> <span class='ocrx_word' id='word_1_191' title='bbox 1170 2054 1439 2112; x_wconf 74' lang='lat' dir='ltr'>singulare?</span> <span class='ocrx_word' id='word_1_192' title='bbox 1530 2054 1694 2114; x_wconf 91' lang='lat' dir='ltr'>Neque</span> 
     </span>
     <span class='ocr_line' id='line_1_24' title="bbox 195 2132 1695 2195; baseline 0.004 -19"><span class='ocrx_word' id='word_1_193' title='bbox 195 2132 374 2191; x_wconf 89' lang='lat' dir='ltr'>iniuria,</span> <span class='ocrx_word' id='word_1_194' title='bbox 402 2132 477 2178; x_wconf 87' lang='lat' dir='ltr'>vel</span> <span class='ocrx_word' id='word_1_195' title='bbox 505 2133 627 2192; x_wconf 91' lang='lat' dir='ltr'>quod</span> <span class='ocrx_word' id='word_1_196' title='bbox 656 2138 755 2180; x_wconf 90' lang='lat' dir='ltr'>erat</span> <span class='ocrx_word' id='word_1_197' title='bbox 783 2139 915 2194; x_wconf 88' lang='lat' dir='ltr'>pater</span> <span class='ocrx_word' id='word_1_198' title='bbox 942 2135 994 2195; x_wconf 89' lang='lat' dir='ltr'>is,</span> <span class='ocrx_word' id='word_1_199' title='bbox 1023 2136 1102 2194; x_wconf 91' lang='lat' dir='ltr'>qui</span> <span class='ocrx_word' id='word_1_200' title='bbox 1137 2139 1208 2182; x_wconf 91' lang='lat' dir='ltr'>est</span> <span class='ocrx_word' id='word_1_201' title='bbox 1243 2137 1452 2195; x_wconf 88' lang='lat' dir='ltr'>princeps</span> <span class='ocrx_word' id='word_1_202' title='bbox 1486 2137 1579 2182; x_wconf 89' lang='lat' dir='ltr'>iam</span> <span class='ocrx_word' id='word_1_203' title='bbox 1615 2136 1695 2182; x_wconf 94' lang='lat' dir='ltr'>diu</span> 
     </span>
     <span class='ocr_line' id='line_1_25' title="bbox 195 2213 1695 2277; baseline 0.004 -19"><span class='ocrx_word' id='word_1_204' title='bbox 195 2213 554 2274; x_wconf 88' lang='lat' dir='ltr'>publicanorum,</span> <span class='ocrx_word' id='word_1_205' title='bbox 584 2215 658 2261; x_wconf 88' lang='lat' dir='ltr'>vel</span> <span class='ocrx_word' id='word_1_206' title='bbox 682 2216 805 2275; x_wconf 92' lang='lat' dir='ltr'>quod</span> <span class='ocrx_word' id='word_1_207' title='bbox 829 2218 868 2262; x_wconf 90' lang='lat' dir='ltr'>is</span> <span class='ocrx_word' id='word_1_208' title='bbox 893 2217 951 2263; x_wconf 91' lang='lat' dir='ltr'>ab</span> <span class='ocrx_word' id='word_1_209' title='bbox 975 2218 1108 2263; x_wconf 87' lang='lat' dir='ltr'>sociis</span> <span class='ocrx_word' id='word_1_210' title='bbox 1137 2218 1268 2264; x_wconf 89' lang='lat' dir='ltr'>unice</span> <span class='ocrx_word' id='word_1_211' title='bbox 1301 2218 1592 2277; x_wconf 87' lang='lat' dir='ltr'>diligebatur,</span> <span class='ocrx_word' id='word_1_212' title='bbox 1620 2218 1695 2264; x_wconf 90' lang='lat' dir='ltr'>vel</span> 
     </span>
     <span class='ocr_line' id='line_1_26' title="bbox 196 2295 1694 2360; baseline 0.005 -20"><span class='ocrx_word' id='word_1_213' title='bbox 196 2295 319 2354; x_wconf 90' lang='lat' dir='ltr'>quod</span> <span class='ocrx_word' id='word_1_214' title='bbox 354 2296 704 2356; x_wconf 87' lang='lat' dir='ltr'>diligentissime</span> <span class='ocrx_word' id='word_1_215' title='bbox 740 2299 946 2357; x_wconf 88' lang='lat' dir='ltr'>rogabat,</span> <span class='ocrx_word' id='word_1_216' title='bbox 971 2299 1046 2346; x_wconf 89' lang='lat' dir='ltr'>vel</span> <span class='ocrx_word' id='word_1_217' title='bbox 1081 2301 1189 2359; x_wconf 89' lang='lat' dir='ltr'>quia</span> <span class='ocrx_word' id='word_1_218' title='bbox 1223 2315 1304 2359; x_wconf 88' lang='lat' dir='ltr'>pro</span> <span class='ocrx_word' id='word_1_219' title='bbox 1340 2301 1435 2346; x_wconf 92' lang='lat' dir='ltr'>filio</span> <span class='ocrx_word' id='word_1_220' title='bbox 1470 2300 1694 2360; x_wconf 88' lang='lat' dir='ltr'>supplica-</span> 
     </span>
     <span class='ocr_line' id='line_1_27' title="bbox 195 2377 1759 2439; baseline 0.003 -16"><span class='ocrx_word' id='word_1_221' title='bbox 195 2377 289 2437; x_wconf 90' lang='lat' dir='ltr'>bat,</span> <span class='ocrx_word' id='word_1_222' title='bbox 318 2378 392 2424; x_wconf 88' lang='lat' dir='ltr'>vel</span> <span class='ocrx_word' id='word_1_223' title='bbox 411 2379 532 2438; x_wconf 93' lang='lat' dir='ltr'>quod</span> <span class='ocrx_word' id='word_1_224' title='bbox 557 2379 694 2425; x_wconf 92' lang='lat' dir='ltr'>huius</span> <span class='ocrx_word' id='word_1_225' title='bbox 717 2381 862 2439; x_wconf 90' lang='lat' dir='ltr'>ipsius</span> <span class='ocrx_word' id='word_1_226' title='bbox 886 2381 934 2427; x_wconf 91' lang='lat' dir='ltr'>in</span> <span class='ocrx_word' id='word_1_227' title='bbox 957 2381 1091 2428; x_wconf 91' lang='lat' dir='ltr'>illum</span> <span class='ocrx_word' id='word_1_228' title='bbox 1116 2382 1321 2428; x_wconf 90' lang='lat' dir='ltr'>ordinem</span> <span class='ocrx_word' id='word_1_229' title='bbox 1345 2397 1526 2428; x_wconf 89' lang='lat' dir='ltr'>summa</span> <span class='ocrx_word' id='word_1_230' title='bbox 1549 2384 1696 2429; x_wconf 88' lang='lat' dir='ltr'>officia</span> <span class='ocrx_word' id='word_1_231' title='bbox 1718 2406 1759 2427; x_wconf 88' lang='lat'>20</span> 
     </span>
     <span class='ocr_line' id='line_1_28' title="bbox 196 2461 1695 2523; baseline 0.004 -18"><span class='ocrx_word' id='word_1_232' title='bbox 196 2464 468 2518; x_wconf 89' lang='lat' dir='ltr'>quaesturae</span> <span class='ocrx_word' id='word_1_233' title='bbox 493 2461 847 2521; x_wconf 88' lang='lat' dir='ltr'>tribunatusque</span> <span class='ocrx_word' id='word_1_234' title='bbox 871 2463 1158 2523; x_wconf 86' lang='lat' dir='ltr'>constabant,</span> <span class='ocrx_word' id='word_1_235' title='bbox 1187 2464 1261 2511; x_wconf 89' lang='lat' dir='ltr'>vel</span> <span class='ocrx_word' id='word_1_236' title='bbox 1290 2465 1411 2523; x_wconf 93' lang='lat' dir='ltr'>quod</span> <span class='ocrx_word' id='word_1_237' title='bbox 1435 2465 1506 2511; x_wconf 90' lang='lat' dir='ltr'>illi</span> <span class='ocrx_word' id='word_1_238' title='bbox 1529 2466 1577 2510; x_wconf 94' lang='lat' dir='ltr'>in</span> <span class='ocrx_word' id='word_1_239' title='bbox 1609 2465 1695 2511; x_wconf 89' lang='lat' dir='ltr'>hoc</span> 
     </span>
     <span class='ocr_line' id='line_1_29' title="bbox 196 2542 1694 2593; baseline 0.004 -7"><span class='ocrx_word' id='word_1_240' title='bbox 196 2542 398 2588; x_wconf 85' lang='lat' dir='ltr'>ornando</span> <span class='ocrx_word' id='word_1_241' title='bbox 423 2543 629 2590; x_wconf 89' lang='lat' dir='ltr'>ordinem</span> <span class='ocrx_word' id='word_1_242' title='bbox 653 2559 700 2590; x_wconf 90' lang='lat' dir='ltr'>se</span> <span class='ocrx_word' id='word_1_243' title='bbox 725 2559 884 2591; x_wconf 87' lang='lat' dir='ltr'>ornare</span> <span class='ocrx_word' id='word_1_244' title='bbox 917 2549 964 2591; x_wconf 89' lang='lat' dir='ltr'>et</span> <span class='ocrx_word' id='word_1_245' title='bbox 997 2545 1230 2592; x_wconf 85' lang='lat' dir='ltr'>consulere</span> <span class='ocrx_word' id='word_1_246' title='bbox 1262 2546 1418 2592; x_wconf 88' lang='lat' dir='ltr'>liberis</span> <span class='ocrx_word' id='word_1_247' title='bbox 1449 2547 1543 2593; x_wconf 90' lang='lat' dir='ltr'>suis</span> <span class='ocrx_word' id='word_1_248' title='bbox 1578 2547 1694 2593; x_wconf 89' lang='lat' dir='ltr'>arbi-</span> 
     </span>
     <span class='ocr_line' id='line_1_30' title="bbox 195 2624 454 2672; baseline 0.015 -4"><span class='ocrx_word' id='word_1_249' title='bbox 195 2624 454 2672; x_wconf 89' lang='lat' dir='ltr'>trabantur.</span> 
     </span>
    </p>
   </div>
   <div class='ocr_carea' id='block_1_5' title="bbox 281 2705 1692 2768">
    <p class='ocr_par' dir='ltr' id='par_1_7' title="bbox 281 2705 1692 2768">
     <span class='ocr_line' id='line_1_31' title="bbox 281 2705 1692 2768; baseline 0.006 -18"><span class='ocrx_word' id='word_1_250' title='bbox 281 2705 339 2752; x_wconf 86' lang='lat' dir='ltr'>X.</span> <span class='ocrx_word' id='word_1_251' title='bbox 379 2706 570 2766; x_wconf 90' lang='lat' dir='ltr'>Aliquid</span> <span class='ocrx_word' id='word_1_252' title='bbox 638 2712 874 2767; x_wconf 89' lang='lat' dir='ltr'>praeterea</span> <span class='ocrx_word' id='word_1_253' title='bbox 896 2737 962 2743; x_wconf 93' lang='lat'><strong>—</strong></span> <span class='ocrx_word' id='word_1_254' title='bbox 987 2710 1148 2756; x_wconf 90' lang='lat' dir='ltr'>timide</span> <span class='ocrx_word' id='word_1_255' title='bbox 1213 2711 1326 2768; x_wconf 90' lang='lat' dir='ltr'>dico,</span> <span class='ocrx_word' id='word_1_256' title='bbox 1389 2711 1469 2757; x_wconf 90' lang='lat' dir='ltr'>sed</span> <span class='ocrx_word' id='word_1_257' title='bbox 1537 2715 1692 2758; x_wconf 89' lang='lat' dir='ltr'>tamen</span> 
     </span>
    </p>
   </div>
   <div class='ocr_carea' id='block_1_6' title="bbox 1820 2775 1830 2867">
    <p class='ocr_par' dir='ltr' id='par_1_8' title="bbox 1820 2775 1830 2867">
     <span class='ocr_line' id='line_1_32' title="bbox 1820 2775 1830 2867; baseline 0 0"><span class='ocrx_word' id='word_1_258' title='bbox 1820 2775 1830 2867; x_wconf 55' lang='lat' dir='ltr'>i.</span> 
     </span>
    </p>
   </div>
  </div>
 </body>
</html>
