1846 2996
266 147 344 186 146
516 133 765 187 CICERO’S
795 144 1052 186 ORATION
1083 144 1194 186 FOR
1223 144 1507 186 PLANCIUS

418 448 823 496 VARIATIONS
865 449 939 495 IN
981 448 1392 496 LANDGRAF'S
1435 449 1603 496 TEXT

514 557 645 598 FROM
672 557 717 599 O.
743 557 788 599 F.
814 558 881 599 W.
907 557 1138 599 Mifnmm’s
1167 558 1290 598 ΤΕΧΤ
1319 569 1374 598 OF
1404 559 1508 598 1886

332 689 354 736 ἓ
373 690 398 727 2
445 686 622 738 [videre]
642 700 709 738 690
726 689 873 739 scripsi

331 744 353 791 ἓ
374 744 397 782 6
424 747 520 806 'aiat
532 746 566 782 te
581 755 606 782 a
623 741 793 783 Plancio
813 745 887 782 aut
902 755 929 781 a
948 745 983 782 te
995 742 1123 782 illum
1143 741 1352 795 dignitate
1371 741 1557 795 potuisse
1576 743 1761 796 superari

264 809 330 847 690
348 809 496 847 scripsi

331 852 353 900 ἓ
374 852 424 891 13
471 864 538 902 690
557 864 654 891 vero
674 854 717 891 te
751 851 943 892 Weidner

330 907 352 954 ἕ
373 906 423 944 16
477 907 486 925 ‘
499 918 584 945 non
604 905 746 955 recte‚'
768 919 871 946 num
891 904 996 959 quid
1015 905 1295 959 adsequerere,
1322 906 1358 945 si
1377 918 1445 956 690
1462 907 1708 957 interpunxi

331 961 354 1008 ξ
375 959 424 1001 17
473 973 637 1013 quoque
658 961 781 1000 omisi

332 1016 354 1062 ἓ
375 1015 424 1054 19
472 1015 541 1054 fin.
563 1015 826 1067 municipum
847 1015 956 1066 after
975 1027 1145 1054 suorum
1165 1027 1230 1054 om
1253 1015 1363 1055 Cobet

332 1070 353 1117 ἓ
372 1071 424 1108 20
472 1069 702 1122 [municipe
722 1070 814 1119 suo]
840 1070 952 1109 Cobet

331 1125 353 1171 ἕ
373 1125 425 1162 22
472 1122 720 1163 admiranda
746 1137 814 1175 690
832 1125 979 1175 scripsi
1000 1127 1013 1170 ΙΙ
1034 1122 1154 1164 illam
1173 1123 1294 1174 officii
1313 1124 1520 1164 rationem
1548 1123 1734 1164 Wunder
1747 1128 1761 1170 ΙΙ

265 1178 370 1227 [non
389 1177 435 1217 in
454 1190 605 1218 manus
626 1178 826 1228 sumitur]
861 1179 1057 1228 Wunder,
1083 1179 1184 1218 Keil

332 1234 354 1281 5
374 1233 425 1272 30
471 1245 619 1285 genere
647 1237 683 1272 et
713 1233 884 1273 nomine
927 1233 1131 1273 Garatoni
1154 1248 1164 1272 ε
1217 1233 1258 1272 0.
1291 1233 1336 1273 F.
1376 1233 1438 1273 W.
1474 1234 1631 1273 Mitller
1667 1233 1761 1273 ‘ad-

264 1287 434 1327 modum
452 1288 676 1327 verisimile
690 1286 699 1302 ’

266 1395 300 1437 S
332 1343 355 1390 ἓ
375 1343 426 1381 33
474 1342 533 1391 [et
571 1341 717 1393 libere]
761 1343 986 1391 Weidner;
1025 1343 1075 1394 ef.
1104 1340 1297 1382 Mitller’s
1326 1345 1416 1381 note
1446 1346 1460 1389 ΙΙ
1490 1345 1630 1381 nostra
1663 1341 1702 1380 Τ
1726 1341 1769 1380 Ε

298 1396 395 1436 chol.
416 1396 512 1436 Boe.

331 1452 354 1499 ἓ
374 1450 424 1493 37
473 1451 601 1501 [tum]
623 1451 723 1491 Keil

332 1507 426 1554 §40
472 1508 521 1545 tu
550 1518 616 1545 me
645 1506 791 1559 ignaro
822 1536 831 1546 .
869 1537 876 1545 .
915 1537 922 1545 .
958 1505 1155 1559 iniquos?
1186 1518 1271 1546 non
1294 1506 1444 1557 spuria
1471 1516 1630 1544 censeo:
1671 1506 1765 1544 tum

266 1572 332 1599 me
352 1559 421 1599 vel
440 1560 574 1600 omisi.

332 1615 354 1663 ἓ
374 1616 425 1654 43
473 1613 541 1654 vel
561 1614 597 1654 si
617 1614 717 1655 Keil

332 1670 355 1717 ἓ
375 1669 425 1708 45
472 1668 578 1708 iram
602 1669 715 1709 Cobet

332 1725 355 1771 ἕ
374 1724 426 1763 50
473 1722 657 1763 secundo
683 1724 720 1763 Τ
736 1723 778 1763 Ε

333 1779 355 1826 §
375 1778 425 1817 51
475 1777 766 1818 aedilitatibus
786 1776 977 1831 repulsus
997 1778 1039 1817 E

333 1834 355 1880 ἓ
375 1831 425 1874 75
475 1832 645 1872 dicere
669 1832 782 1872 O'obet

333 1886 425 1936 §78
475 1886 707 1940 defugerim
742 1887 780 1926 Τ
803 1887 846 1926 Ε
871 1891 885 1934 Η
915 1886 1086 1939 [gratia]
1115 1887 1322 1928 Karsten:
1365 1886 1571 1940 [propter]
1598 1898 1647 1926 ece
1673 1898 1760 1926 con-

265 1942 425 1982 iectura

334 1998 356 2045 §
377 1997 428 2036 86
484 1994 723 2036 <inlatis>
750 1996 885 2035 Halm

334 2053 356 2100 ἓ
376 2053 427 2091 89
476 2050 607 2100 [cum]
628 2051 811 2090 Karsten
840 2054 854 2098 ΙΙ
884 2049 1167 2091 constantiam
1186 2050 1343 2091 Monac.
1368 2052 1397 2090 2

334 2107 356 2154 §
377 2106 426 2144 91
475 2103 621 2144 desino
641 2105 741 2144 codd

334 2162 356 2209 ἓ
376 2161 426 2200 95
474 2171 616 2198 areum
639 2159 751 2199 Cobet
780 2163 794 2206 ΙΙ
824 2171 916 2198 mea
933 2159 1115 2200 Karsten

334 2216 356 2262 ἓ
377 2215 427 2254 98
476 2226 573 2254 cum
593 2213 722 2253 etiam
742 2215 837 2253 tum
855 2214 1028 2266 Madvi9

334 2270 356 2318 ξ
377 2270 455 2309 100
503 2267 548 2308 vi
566 2280 633 2308 me
662 2266 796 2307 <vi>
825 2267 999 2321 inquam
1022 2268 1154 2310 Orelli
