1846 2996
88 176 199 218 §101
464 173 573 239 Pac
603 172 693 215 GN.
726 173 975 215 PLANo1o
1005 142 1218 215 ORATIO
1541 175 1592 215 51

86 323 202 368 quae
226 323 308 368 pro
332 308 484 355 salute
507 322 610 354 mea
626 308 786 354 fecerit
810 308 850 354 si
874 308 1027 354 minus
1045 308 1287 368 profutura
1305 307 1414 366 sint,
1437 307 1595 354 obesse

86 395 207 438 certe
259 406 350 437 non
405 394 612 451 oportere
632 406 834 438 :mnam
887 390 1026 437 simul
1072 406 1125 437 ac
1171 405 1245 436 me
1283 390 1594 450 Dyrrachium

84 474 294 533 attigisse
320 473 513 532 audivit,
535 474 698 519 statim
721 473 781 519 ad
805 489 878 519 me
902 473 1141 519 lictoribus
1166 473 1381 531 dimissis,
1409 473 1595 532 insigni-

83 556 170 602 bus
189 556 392 614 abiectis,
414 560 542 603 veste
560 559 743 602 mutata
761 555 993 615 profectus
1010 559 1092 603 est.
1168 555 1207 602 Ο
1233 556 1443 602 acerbam
1462 555 1590 615 mihi,
1617 549 1675 595 99

42 656 59 687 5
83 638 269 696 iudiceS,
297 638 566 685 memoriam
601 638 822 697 temporis
854 637 980 684 illius
1009 641 1056 684 et
1090 637 1191 697 loci,
1220 653 1325 684 cum
1350 637 1424 684 hic
1447 638 1496 684 in
1521 653 1594 685 me

82 721 260 778 incidit,
282 736 388 767 cum
407 720 669 780 complexus
689 723 759 766 est
779 721 1123 779 conspersitque
1147 719 1350 766 lacrimis
1368 735 1451 767 nec
1468 721 1595 780 loqui

82 818 191 862 prae
215 818 416 850 maerore
440 804 624 863 potuit!
697 802 736 849 Ο
761 817 859 849 16111
884 818 989 849 611111
1025 803 1191 849 auditu
1226 803 1457 850 crudelem
1493 807 1595 850 tum

82 885 187 931 visu
233 885 483 932 nefariam!
533 901 559 931 o
605 884 806 944 reliquos
854 899 1011 931 omnes
1059 884 1156 931 dies
1207 889 1455 945 noctesque
1501 901 1590 939 eas,

83 968 252 1026 quibus
275 968 364 1014 iste
388 982 416 1013 a
438 982 512 1014 me
535 983 627 1014 non
651 967 866 1014 recedens
891 967 1265 1014 Thessalonicam
1290 983 1362 1014 me
1387 969 1436 1014 in
1459 984 1595 1028 quae-

20 1077 61 1098 10
82 1051 368 1110 storiumque
403 1051 649 1110 perduxit!
723 1050 816 1096 Hic
840 1065 922 1109 ego
946 1065 1070 1096 nunc
1105 1050 1162 1096 de
1197 1055 1407 1108 praetore
1444 1051 1594 1098 Mace-

82 1132 245 1179 doniae
270 1132 387 1178 nihil
412 1133 563 1179 dicam
596 1132 795 1192 amplius
830 1133 921 1178 nisi
957 1147 1064 1179 eum
1099 1137 1147 1179 et
1183 1134 1330 1179 civem
1366 1134 1594 1193 optimum

82 1229 261 1274 semper
289 1219 336 1261 et
360 1215 475 1261 mihi
511 1216 710 1262 amicum
734 1214 889 1275 fuisse,
917 1215 999 1262 sed
1035 1216 1196 1262 eadem
1231 1217 1441 1263 timuisse
1477 1232 1593 1276 quae

82 1301 256 1344 ceteros
274 1316 287 1358 3
335 1297 418 1346 Cn.
476 1298 718 1344 Plancium
765 1298 907 1344 fuisse
965 1313 1123 1357 unum,
1174 1315 1266 1346 non
1313 1301 1393 1360 qui
1439 1301 1593 1347 minus

82 1380 281 1438 timeret,
310 1381 402 1440 sed,
432 1381 472 1427 si
496 1381 757 1427 acciderent
781 1396 847 1439 ea,
876 1395 994 1440 quae
1019 1382 1307 1441 timerentur,
1336 1398 1515 1430 mecum
1539 1398 1592 1430 ea

19 1482 57 1513 15
82 1462 235 1509 subire
271 1466 319 1509 et
354 1464 531 1523 perpeti
567 1463 722 1511 vellet.
798 1463 902 1522 Qui,
941 1478 1045 1509 cum
1081 1464 1142 1510 ad
1181 1480 1256 1511 me
1297 1465 1348 1513 L.
1395 1466 1589 1525 Tubero,
1615 1477 1701 1523 100

83 1561 212 1592 meus
244 1547 538 1605 necessarius,
568 1546 648 1606 qui
671 1546 807 1592 fratri
830 1562 932 1593 meo
956 1546 1137 1606 legatus
1161 1548 1341 1608 fuisset,
1369 1548 1591 1596 decedens

82 1644 140 1675 ex
173 1628 287 1675 Asia
320 1630 523 1675 venisset
566 1643 733 1688 easque
768 1629 974 1687 insidias,
1011 1645 1126 1689 quas
1161 1630 1278 1676 mihi
1313 1635 1499 1690 paratas
1534 1633 1594 1679 ab

82 1711 294 1758 exulibus
341 1712 590 1758 coniuratis
633 1711 854 1771 audierat,
901 1712 960 1758 ad
1002 1728 1076 1759 1116
1117 1714 1271 1760 animo
1317 1715 1593 1762 amicissimo

82 1794 338 1854 detulisset,
361 1795 408 1840 in
428 1794 589 1841 Asiam
614 1809 687 1841 me
706 1795 771 1841 ire
796 1798 984 1854 propter
1007 1796 1106 1842 eius
1130 1797 1391 1856 provinciae
1414 1813 1594 1845 mecum

18 1895 60 1918 20
82 1881 131 1924 et
154 1893 259 1924 cum
282 1893 384 1924 meo
413 1878 555 1924 fratre
589 1878 977 1925 necessitudinem
1015 1883 1360 1939 comparantem
1395 1896 1486 1927 non
1523 1885 1594 1928 est

81 1975 273 2020 passus:
321 1962 370 2007 vi
409 1976 494 2020 me,
541 1962 588 2007 vi
630 1962 834 2020 inquam,
881 1961 1100 2007 Plancius
1141 1966 1189 2008 et
1231 1963 1471 2022 complexu
1510 1979 1594 2010 suo

82 2043 276 2089 retinuit
317 2043 578 2103 multosque
621 2059 800 2090 menses
843 2059 870 2090 a
911 2044 1061 2104 capite
1099 2059 1201 2090 meo
1242 2060 1334 2091 non
1381 2045 1592 2093 discessit

82 2125 261 2172 abiecta
286 2127 548 2186 quaestoria
571 2142 764 2186 persona
788 2127 1060 2188 comitisque
1085 2131 1284 2187 sumpta.

7 2317 10 2320 ·
82 2308 126 2355 ἐξ
157 2307 366 2346 101-104.
407 2308 866 2348 Peroration.-Cicero
899 2309 1068 2359 appeals
1106 2312 1144 2348 lo
1174 2309 1238 2348 the
1267 2309 1376 2359 jury
1410 2309 1496 2348 and
1528 2310 1592 2349 the

184 2373 396 2422 president
422 2374 470 2424 of
491 2374 555 2413 the
581 2378 694 2413 court
721 2387 773 2414 on
800 2375 943 2425 behals
965 2375 1013 2425 of
1040 2374 1253 2423 Plancius,
1279 2374 1381 2424 who,
1406 2374 1454 2413 he
1479 2387 1587 2425 says,

191 2438 366 2477 deserves
385 2437 492 2477 their
510 2438 727 2490 sympathy
743 2439 829 2478 and
849 2439 925 2478 aid
951 2451 1003 2478 on
1022 2442 1189 2478 account
1209 2439 1256 2489 of
1277 2438 1345 2477 his
1363 2451 1492 2489 ‘many
1511 2451 1591 2478 ser-

192 2503 294 2541 vices
311 2506 348 2542 to
368 2504 542 2553 citizens,
563 2504 650 2542 and
669 2504 884 2555 especially
900 2507 936 2542 to
956 2517 1028 2543 one
1047 2504 1385 2544 citizen—Cicero
1404 2504 1582 2556 himself.

167 2615 324 2663 XLII.
399 2616 438 2663 Ο
498 2617 712 2663 excubias
771 2620 888 2676 tuaS,
941 2616 1024 2666 Cn.
1065 2618 1237 2676 Planci,
1289 2618 1506 2666 miseras!
1561 2636 1587 2666 o
1612 2625 1696 2670 101

7 2719 62 2752 ,25
84 2697 258 2745 flebiles
282 2699 464 2759 vigilias
485 2702 494 2747 1
531 2715 557 2747 0
576 2703 733 2747 noctes
757 2700 942 2747 acerbas
962 2703 971 2749 Ξ
1010 2716 1035 2747 0
1059 2701 1313 2748 custodiam
1331 2702 1472 2748 etiam
1497 2704 1587 2749 mei
