1846 2996
0 1571 32 1594 to

0 1982 33 2014 1⁵

0 2447 1 2459 ¹
58 2455 300 2502 voluntate
323 2455 435 2515 ipsa,
463 2456 504 2502 si
539 2455 624 2503 hoc
655 2456 893 2503 molestiae
923 2473 1015 2503 non
1039 2457 1291 2504 accidisset.
1367 2455 1557 2513 Quaeris
1580 2464 1639 2510 69

48 187 136 228 569
419 183 525 226 PRO
556 182 643 225 GN.
681 182 930 224 PLANCIO
960 181 1172 223 ORATIO
1497 184 1547 222 35

48 320 91 367 ἐξ
111 316 255 359 67-71.
294 317 460 357 Cassius
486 317 573 357 had
591 316 856 356 maintained
885 316 974 356 that
1006 315 1141 356 Cicero
1168 314 1255 354 had
1283 315 1548 365 emaqqerated

157 382 370 422 Plancius‘
391 384 557 423 services
575 386 612 423 io
631 383 723 422 him
741 383 900 433 durinq
919 381 986 421 his
1008 382 1124 431 eaeile,
1150 381 1237 420 arod
1255 381 1342 420 also
1361 393 1545 431 exaqqer-

157 448 251 487 atad
269 448 333 487 ilie
352 448 587 500 danyersof
599 447 688 488 that
701 448 859 498 period.
918 447 1053 486 Cicero
1072 447 1220 497 replies
1239 445 1327 485 that
1346 446 1550 495 certainly

157 512 222 552 the
241 514 407 553 services
434 514 482 564 of
502 516 603 552 most
629 513 927 563 well-disposed
954 513 1138 552 Romans
1156 515 1194 551 to
1222 511 1312 551 him
1334 523 1434 551 were
1452 523 1549 561 very

156 582 281 629 meat,
308 579 376 618 bui
395 579 444 618 in
462 579 526 618 the
544 591 630 618 case
649 579 698 629 of
718 578 921 618 Plancius
939 591 997 618 απ
1016 578 1204 618 eoecelleni
1226 578 1490 628 opportunity
1509 577 1557 627 (ff

149 645 314 695 payiny
349 644 416 683 his
451 644 538 683 debe
576 644 624 695 of
653 644 864 695 qraticudc
896 644 982 684 had
1015 643 1219 692 occurred,
1255 642 1343 682 ariol
1379 642 1428 682 he
1464 641 1550 682 had

157 709 324 748 availed
342 709 515 760 himseif
527 709 575 761 os
588 710 633 749 it.

134 801 226 848 Sed
267 805 322 848 ut
362 802 546 848 redeam
581 801 640 847 ad
683 801 938 862 Plancium,
983 817 1221 862 nunquam
1262 816 1320 848 ex
1358 800 1471 847 urbe
1511 800 1551 846 is

49 884 169 930 afuit
193 884 282 930 nisi
306 888 439 943 sorte,
467 883 579 943 lege,
600 885 874 931 necessitate
892 903 905 945 3
940 900 1031 931 11011
1055 884 1205 931 valuit
1228 884 1364 931 rebus
1387 883 1550 930 iisdem

49 966 218 1026 quibus
252 967 446 1013 fortasse
493 967 732 1027 nonnulli3
781 971 832 1014 at
872 967 1023 1014 valuit
1063 967 1359 1024 adsiduitate,
1401 965 1551 1012 valuit

51 1049 348 1095 observa-ndis
383 1050 554 1108 amicis,
593 1050 741 1096 valuit
781 1050 1062 1098 liberalitate
1087 1068 1102 1111 3
1154 1051 1246 1096 fuit
1285 1050 1333 1095 in
1375 1049 1551 1108 oculis3

51 1118 251 1192 petivit3
286 1147 340 1178 ea
374 1136 445 1178 est
479 1147 591 1179 usus
631 1133 808 1180 ratione
844 1133 983 1193 vitae,
1023 1148 1116 1193 qua
1151 1133 1343 1179 minima
1377 1131 1554 1178 invidia

52 1215 160 1261 novi
184 1213 392 1261 homines
414 1214 603 1274 plurimi
626 1219 736 1262 sunt
760 1215 943 1262 eosdem
967 1215 1162 1262 honores
1186 1215 1429 1262 consecuti.

135 1297 374 1344 XXVIII.
416 1297 540 1344 Nam
564 1298 688 1358 quod
723 1299 803 1358 ais,
834 1298 976 1358 Cassi,
1005 1314 1098 1345 non
1129 1298 1233 1358 plus
1264 1313 1339 1345 me
1363 1297 1554 1344 Plancio
1576 1301 1633 1347 68

53 1379 218 1427 debere
256 1395 395 1440 quam
432 1380 564 1427 bonis
602 1381 828 1440 omnibus,
857 1381 980 1441 quod
1016 1381 1073 1427 iis
1110 1396 1253 1440 aeque
1290 1396 1393 1427 mea
1430 1380 1555 1426 salus

54 1477 159 1509 cara
191 1462 346 1521 fuerit,
386 1478 468 1522 ego
503 1478 578 1510 me
612 1463 776 1510 debere
811 1464 945 1511 bonis
980 1464 1193 1510 omnibus
1228 1464 1388 1511 fateor.
1463 1462 1555 1510 Sed

54 1546 196 1592 etiam
232 1546 278 1605 ii,
320 1546 486 1606 quibus
525 1561 608 1606 ego
645 1546 801 1606 debeo,
838 1547 947 1593 boni
983 1547 1073 1593 viri
1110 1550 1158 1593 et
1196 1547 1318 1593 cives
1356 1546 1555 1593 comitiis

54 1628 275 1675 aediliciis
298 1628 474 1688 aliquid
505 1644 554 1676 se
577 1644 679 1676 meo
702 1630 886 1676 nomine
911 1629 1101 1676 Plancio
1132 1629 1296 1676 debere
1324 1629 1551 1676 dicebant.

55 1711 230 1758 Verum
264 1711 338 1758 fac
368 1727 441 1758 me
476 1712 638 1759 multis
673 1713 838 1760 debere
868 1717 916 1760 et
950 1713 999 1776 111
1022 1713 1079 1759 iis
1105 1712 1304 1759 Plancio.
1380 1711 1555 1758 Utrum

54 1794 198 1854 igitur
238 1810 311 1841 me
352 1795 624 1842 conturbare
665 1799 846 1855 oportet
886 1811 946 1842 an
988 1796 1163 1855 ceteris,
1192 1810 1296 1842 cum
1337 1795 1556 1854 cuiusque

55 1876 153 1923 dies
183 1877 375 1937 venerit,
403 1877 488 1924 hoc
523 1893 701 1938 nomen,
730 1877 853 1937 quod
889 1882 1036 1937 urget,
1065 1893 1198 1938 nunc,
1227 1892 1330 1924 cum
1362 1877 1552 1937 petitur,

57 1959 335 2008 dissolvere2
404 1960 696 2020 Quamquam
738 1961 976 2007 dissimilis
1010 1964 1082 2008 est
1122 1961 1341 2020 pecuniae
1382 1959 1557 2006 debitio

57 2046 105 2089 et
144 2043 332 2102 gratiae.
405 2043 532 2090 Nam
579 2044 659 2103 qui
699 2044 942 2103 pecuniam
990 2043 1217 2104 dissolvit,
1261 2043 1424 2090 statim
1465 2058 1557 2088 non

58 2125 200 2172 habet
239 2125 300 2182 id,
343 2125 467 2185 quod
507 2126 738 2173 reddidit:
787 2127 867 2186 qui
908 2130 1065 2173 autem
1112 2127 1262 2184 debet,
1307 2126 1347 2171 is
1387 2125 1557 2189 retinet

58 2208 258 2255 alienum
274 2225 288 2267 3
322 2209 521 2268 gratiam
545 2213 701 2255 autem
726 2213 774 2255 et
798 2210 879 2269 qui
902 2209 1043 2256 refert
1077 2208 1218 2256 habet
1242 2212 1290 2255 et
1313 2209 1393 2268 qui
1416 2207 1558 2254 habet

58 2291 106 2336 in
130 2306 182 2337 eo
206 2291 318 2351 ipso,
346 2291 469 2350 quod
504 2291 659 2349 habet,
685 2292 838 2338 refert.
913 2292 1077 2351 Neque
1109 2307 1192 2351 ego
1223 2307 1344 2338 nunc
1369 2291 1557 2337 Plancio

58 2372 265 2419 desinam
302 2373 479 2433 debere,
512 2374 552 2420 si
589 2373 674 2420 hoc
711 2373 902 2433 solvero,
930 2389 1014 2421 nec
1050 2375 1203 2420 minus
1241 2374 1284 2421 ei
1320 2373 1557 2420 redderem

59 2552 89 2584 a
111 2553 197 2596 me,
226 2537 369 2597 Cassi,
392 2538 505 2597 quid
529 2554 611 2598 pro
635 2538 778 2586 fratre
803 2555 915 2599 meo,
939 2540 1019 2599 qui
1043 2539 1160 2586 mihi
1183 2543 1255 2586 est
1279 2539 1553 2599 carissimus,

61 2619 173 2680 quid
219 2635 302 2679 pro
347 2621 461 2667 meis
507 2620 678 2680 liberis,
724 2622 892 2682 quibus
933 2622 1051 2668 nihil
1099 2623 1214 2669 mihi
1260 2626 1414 2683 potest
1460 2637 1558 2670 esse

63 2701 318 2761 iucundius,
346 2703 557 2763 amplius,
585 2719 724 2764 quam
757 2705 880 2765 quod
914 2720 997 2765 pro
1029 2705 1219 2752 Plancio
1253 2706 1382 2766 facio,
1410 2706 1557 2753 facere
