1846 2996
95 172 184 215 §76
462 171 569 213 PRO
600 171 689 212 CN.
723 171 973 213 PLANCIO
1002 172 1215 214 ORATIO
1540 177 1591 215 39

97 305 307 353 tudinem
339 305 465 352 dicta
496 305 552 352 de
583 305 754 365 scripto
786 309 886 353 est:
923 306 971 351 in
1004 320 1096 365 qua
1127 321 1211 366 ego
1246 306 1383 353 homo
1406 311 1592 354 astutus

96 389 138 435 ei
169 403 242 434 me
277 387 515 447 dedebam,
544 388 616 434 cui
652 387 772 433 nihil
806 403 1081 448 magnopere
1116 389 1342 449 deberem,
1372 393 1419 435 et
1454 389 1592 436 huius

96 470 233 516 officii
270 471 391 516 tanti
428 470 700 517 servitutem
739 470 1083 529 adstringebam
1124 472 1391 518 testimonio
1428 472 1593 532 sempi-

97 556 240 600 terno,
315 552 438 598 Nolo
476 556 638 611 cetera,
681 567 797 612 quae
834 568 862 599 a
899 568 972 599 1116
1005 553 1227 600 mandata
1258 557 1368 599 sunt
1405 553 1590 613 litteris,

43 679 46 682 ,
54 658 72 688 5
95 635 314 682 recitare:
352 635 683 694 praetermitto,
710 650 768 681 ne
792 639 874 680 aut
907 636 1107 694 proferre
1131 636 1290 682 videar
1320 635 1379 682 ad
1411 639 1594 696 tempus

96 720 178 762 aut
213 732 266 763 eo
301 731 465 775 genere
500 717 572 763 uti
611 717 887 775 litterarum,
927 717 1050 777 quod
1085 719 1199 764 meis
1235 718 1404 765 studiis
1438 719 1595 778 aptius

95 813 235 858 quam
259 798 580 845 consuetudini
603 799 874 845 iudiciorum
898 815 996 846 esse
1019 799 1246 847 videatur.

93 983 138 1030 ἓξ
159 981 263 1023 75-7
267 983 304 1021 6.
342 982 576 1022 Laterensis
603 983 689 1022 had
707 983 951 1035 reproached
974 983 1108 1023 Cicero
1125 985 1202 1035 for
1229 983 1297 1023 his
1325 984 1483 1034 tearful
1510 984 1598 1023 and

202 1048 423 1086 emotional
458 1048 603 1099 speech,
642 1050 881 1100 rcwzindinq
916 1050 1008 1088 him
1045 1049 1134 1089 that
1166 1050 1339 1089 similar
1375 1050 1508 1100 efforts
1545 1062 1598 1088 o‘n

205 1113 382 1163 Cispius’
405 1113 548 1164 bekalf
558 1114 644 1153 had
663 1114 756 1154 been
774 1115 1066 1166 uusuccessful.
1133 1115 1268 1155 Cicero
1284 1116 1426 1165 points
1445 1118 1514 1154 out
1534 1115 1597 1154 the

202 1177 442 1229 unjairness
461 1180 509 1229 of
521 1179 585 1218 the
604 1180 814 1220 criticism.

177 1280 363 1328 XXXI.
419 1280 576 1340 Atque
634 1282 776 1328 etiam
834 1282 1058 1342 clamitas,
1110 1282 1403 1329 Laterensis:
1468 1281 1598 1340 ‘Quo
1622 1286 1679 1333 ’15

93 1379 234 1423 usque
262 1362 355 1409 ista
390 1362 546 1411 dicis?
613 1362 760 1410 Nihil
782 1363 836 1410 in
872 1363 1036 1424 Cispio
1063 1363 1344 1426 profecisti:
1379 1365 1598 1411 obsoletae

33 1471 71 1493 10
92 1445 193 1492 iam
226 1453 334 1492 sunt
361 1461 518 1506 preces
552 1449 698 1494 tuae!
713 1446 724 1467 '
793 1446 866 1492 De
903 1446 1059 1506 Cispio
1083 1447 1198 1492 mihi
1233 1448 1378 1507 igitur
1412 1447 1594 1506 obicieS,

32 1568 34 1570 .
92 1543 230 1587 quem
265 1543 348 1587 ego
384 1528 440 1574 de
476 1543 549 1574 me
584 1528 700 1575 bene
723 1529 943 1575 meritum
968 1530 1077 1588 quia
1111 1533 1158 1576 te
1193 1534 1313 1576 teste
1338 1544 1594 1589 cognoram,

93 1614 140 1656 te
181 1610 338 1657 eodem
380 1613 565 1657 auctore
600 1610 818 1658 defendi‘l
870 1615 917 1657 et
958 1611 1000 1657 ei
1047 1611 1171 1657 dices
1219 1611 1348 1669 ‘Quo
1389 1627 1531 1672 usque
1552 1612 1598 1659 2²

91 1707 229 1752 quem
275 1708 427 1752 negas,
469 1693 592 1752 quod
638 1708 720 1752 pro
769 1692 927 1752 Cispio
973 1693 1301 1752 contenderim,
1352 1694 1599 1753 impetrare

91 1775 328 1834 potuisse?
397 1775 522 1821 Nam
564 1775 700 1821 istius
741 1775 871 1822 verbi
911 1777 1025 1836 ‘quo
1061 1777 1228 1836 ‘usque'
1270 1776 1382 1822 haec
1416 1780 1600 1836 poterat

31 1875 68 1905 15
91 1872 189 1903 esse
223 1858 427 1905 invidia:
482 1857 662 1903 ‘Datus
698 1861 770 1904 est
805 1858 893 1904 tibi
928 1857 1020 1916 ille,
1061 1858 1346 1905 condonatus
1381 1863 1452 1905 est
1490 1859 1600 1912 ille:

90 1955 183 1986 non
218 1939 331 1986 facis
365 1940 538 1986 finem‘l
572 1939 688 1986 ferre
724 1955 816 1986 non
851 1940 1124 1999 possumus.'
1195 1941 1253 1986 Ei
1278 1941 1477 2000 quidem,
1505 1943 1597 2001 qui,

91 2022 214 2082 quod
237 2038 319 2082 pro
353 2037 444 2068 uno
478 2021 712 2079 laborarit,
739 2022 787 2067 id
822 2022 971 2081 ipsum
1009 2038 1101 2068 non
1126 2023 1394 2080 obtinuerit,
1420 2023 1598 2071 dicere:

96 2106 108 2127 ‘
125 2104 225 2163 Quo
249 2121 390 2165 usquc
408 2105 454 2151 2²
485 2104 720 2150 irridentis
743 2105 890 2163 magis
926 2109 998 2151 est
1030 2120 1169 2164 quam
1193 2105 1600 2168 reprehendentis,

92 2187 181 2234 nisi
205 2188 323 2234 forte
348 2202 431 2247 ego
454 2202 574 2233 unus
598 2188 666 2233 ita
691 2202 762 2232 me
786 2188 907 2246 gessi
930 2187 978 2233 in
1010 2187 1205 2246 iudiciis,
1231 2188 1299 2234 ita
1322 2192 1370 2235 et
1398 2204 1502 2235 cum
1526 2189 1600 2235 his

29 2295 70 2316 20
91 2274 139 2317 et
173 2270 294 2316 inter
328 2270 411 2316 hos
446 2271 554 2327 vixi,
581 2270 620 2316 is
655 2270 703 2315 in
740 2270 888 2316 causis
923 2273 1157 2328 patronus,
1186 2271 1225 2316 is
1260 2271 1309 2316 in
1344 2286 1392 2317 re
1415 2271 1601 2330 publica

92 2353 204 2399 civis
239 2357 287 2399 et
321 2367 424 2398 sum
459 2356 507 2399 et
542 2367 720 2412 semper
754 2352 835 2410 fui,
864 2351 988 2398 solus
1011 2356 1067 2398 ut
1091 2367 1118 2398 a
1142 2356 1189 2399 te
1224 2354 1492 2412 constituar,
1520 2355 1599 2414 qui

91 2434 211 2480 nihil
245 2450 273 2481 a
307 2434 536 2481 iudicibus
577 2434 769 2481 debeam
805 2450 1010 2494 unquam
1052 2435 1310 2495 impetrare.
1381 2436 1444 2482 Et
1486 2437 1601 2482 mihi
1625 2439 1682 2485 76

91 2516 379 2563 lacrimulam
416 2517 622 2577 Cispiani
658 2517 816 2563 iudicii
852 2517 1068 2566 obiectae.
1143 2517 1220 2564 Sic
1252 2519 1374 2564 enim
1408 2519 1600 2567 dixisti:

101 2601 112 2621 ‘
137 2598 247 2646 Vidi
278 2615 355 2661 eqo
381 2606 512 2646 tuam
547 2600 878 2646 lacrimulam!
948 2599 1068 2647 Vide
1105 2615 1245 2659 quam
1279 2616 1352 2647 me
1375 2602 1506 2648 verbi
1531 2603 1602 2649 tui

31 2695 72 2728 25
94 2682 341 2743 paeniteat.
416 2682 524 2730 Non
559 2681 695 2731 modo
730 2681 1032 2742 lacrimulam,
1067 2683 1147 2730 sed
1183 2683 1354 2731 multas
1390 2684 1600 2733 lacrimas
