1846 2996
206 173 230 212 8
649 174 707 214 M.
741 173 911 216 TULLI
943 174 1248 217 CICERONIS
1612 183 1631 221 ἕ
1653 182 1701 218 14

205 325 249 373 ἓξ
271 325 414 364 14-16.
455 325 534 365 The
555 327 660 377 duty
679 328 726 378 os
749 327 812 367 the
831 328 1002 368 courtis
1021 332 1088 368 not
1108 332 1146 368 to
1165 330 1333 380 inquire
1352 329 1442 369 how
1461 342 1489 368 a
1507 342 1609 368 man
1627 329 1704 369 has

314 390 406 429 been
434 392 589 440 elected,
612 393 750 432 unless
780 393 939 445 bribery
957 394 1034 434 has
1062 394 1155 434 been
1173 395 1393 446 employed.
1460 395 1542 434 17ae
1564 396 1703 445 people

312 456 403 494 elect
423 457 555 495 whom
573 457 666 507 they
687 457 780 497 like.

126 558 182 604 14
291 553 371 599 VI.
409 553 538 600 Haec
578 555 736 614 populi
777 556 923 602 oratio
965 560 1035 603 est
1051 575 1065 618 3
1114 572 1217 604 mea
1257 572 1378 616 vero,
1423 557 1699 618 Laterensis,

203 634 343 682 haec:
394 635 544 692 Quare
585 638 736 684 victus
778 639 852 697 sis,
897 654 988 685 non
1030 639 1193 686 debere
1233 640 1431 686 iudicem
1471 655 1699 699 quaerere,

202 717 338 763 modo
373 733 430 763 ne
465 718 706 777 largitione
742 720 805 766 sis
838 721 1002 767 victus.
1072 721 1196 767 Nam
1232 722 1270 767 si
1312 722 1703 782 quotienscunque

203 800 478 859 praeteritus
520 801 607 847 erit
648 802 702 861 is,
740 803 820 861 qui
861 818 951 848 non
992 803 1203 850 debuerit
1242 804 1493 863 praeteriri,
1533 805 1703 851 totiens

203 882 434 940 oportebit
459 897 575 942 eum,
605 884 685 942 qui
719 884 870 930 factus
903 885 1003 943 erit,
1033 885 1335 945 condemnari,
1365 886 1483 931 nihil
1515 891 1585 933 est
1609 888 1703 933 iam
1726 909 1743 939 5

202 963 325 1021 quod
348 963 516 1023 populo
535 965 830 1024 supplicetur,
854 966 971 1012 nihil
995 967 1117 1025 quod
1142 967 1347 1013 diribitio
1366 968 1698 1028 suffragiorum,

201 1044 318 1090 nihil
359 1046 481 1104 quod
522 1048 803 1093 renuntiatio
845 1053 1164 1109 exspectetur3
1206 1049 1344 1095 simul
1383 1054 1451 1108 ut,
1490 1051 1569 1109 qui
1606 1052 1703 1097 sint

161 1156 164 1159 Δ
201 1127 405 1186 professi,
444 1128 614 1187 videro,
654 1129 833 1177 dicam:
874 1130 995 1176 ‘Hic
1030 1131 1206 1177 familia
1241 1131 1468 1177 consulari
1504 1137 1586 1191 est,
1625 1133 1703 1179 ille

201 1210 429 1267 praetoria
445 1226 458 1268 3
505 1211 703 1270 reliquos
750 1212 884 1258 video
932 1227 1029 1259 6886
1076 1228 1132 1259 6Χ
1173 1214 1374 1272 equestri
1419 1213 1518 1260 loco
1534 1232 1547 1274 3
1594 1219 1703 1261 sunt

202 1306 358 1337 omnes
398 1292 495 1337 sine
536 1293 728 1351 macula,
769 1298 879 1340 sunt
922 1309 1078 1341 omnes
1114 1310 1256 1354 aeque
1297 1295 1407 1341 boni
1440 1296 1530 1341 viri
1563 1300 1703 1355 atque
1728 1321 1767 1341 10

200 1373 380 1432 integri,
420 1373 500 1420 sed
534 1375 706 1420 servari
742 1391 924 1422 necesse
961 1380 1032 1422 est
1067 1377 1237 1435 gradus
1254 1393 1267 1435 3
1309 1377 1442 1423 cedat
1477 1377 1703 1424 consulari

199 1455 354 1513 generi
389 1457 698 1514 praetorium:
741 1472 798 1502 ne
834 1458 1082 1504 contendat
1119 1473 1223 1523 cum
1257 1459 1485 1518 praetorio
1520 1460 1703 1506 nomine

121 1540 177 1587 15
200 1540 411 1594 equester
434 1536 589 1585 locus]
662 1537 857 1585 Sublata
881 1543 992 1585 sunt
1016 1540 1183 1598 studia,
1207 1541 1461 1587 exstinctae
1486 1542 1703 1601 suffraga-

199 1617 361 1676 tiones,
411 1619 564 1665 nullae
624 1621 952 1679 contentiones,
1009 1621 1136 1667 nulla
1192 1622 1382 1668 libertas
1439 1623 1598 1682 populi
1653 1625 1701 1669 in
1844 1679 1846 1690 ἶ

198 1700 473 1746 mandandis
504 1702 868 1760 magistratibus,
893 1703 1022 1748 nulla
1045 1704 1325 1762 exspectatio
1353 1705 1699 1763 suffragiorum:
1727 1731 1764 1759 15
1843 1702 1846 1727 ³

199 1781 327 1841 nihil,
367 1786 420 1828 ut
455 1783 724 1843 plerumque
766 1785 933 1844 evenit,
974 1789 1156 1844 praeter
1196 1785 1455 1844 opinionem
1496 1787 1671 1833 accidet
1686 1803 1700 1846 3

198 1863 326 1909 nulla
349 1865 436 1911 erit
460 1865 652 1924 posthac
670 1866 871 1912 varietas
892 1867 1196 1913 comitiorum.
1271 1867 1353 1913 Sin
1378 1867 1462 1912 hoc
1485 1883 1700 1927 persaepe

198 1945 376 2005 accidit,
405 1950 458 1992 ut
491 1950 538 1993 et
573 1947 720 1993 factos
745 1947 922 2006 aliquos
955 1952 1002 1994 et
1034 1964 1124 1994 non
1161 1949 1306 1994 factos
1334 1964 1430 1995 esse
1465 1950 1695 2007 miremur,

198 2028 237 2072 si
273 2043 459 2086 campus
495 2032 634 2088 atque
670 2029 777 2075 illae
811 2030 961 2075 undae
998 2030 1299 2088 comitiorum,
1338 2034 1392 2076 ut
1433 2045 1557 2077 mare
1597 2046 1698 2090 pro-

197 2108 393 2155 fundum
441 2113 488 2156 et
534 2111 822 2169 immensum,
868 2112 932 2157 sic
973 2111 1275 2158 effervescunt
1322 2112 1520 2171 quodam
1567 2114 1698 2172 quasi
1722 2141 1764 2161 20

197 2195 340 2250 aestu,
386 2195 440 2238 ut
482 2192 540 2238 ad
582 2193 695 2238 alios
736 2193 968 2250 accedant,
1013 2193 1073 2239 ab
1114 2193 1214 2238 aliis
1256 2197 1412 2239 autem
1453 2194 1696 2242 recedant:

199 2276 331 2319 tanto
355 2289 438 2319 nos
461 2275 508 2319 in
527 2275 705 2333 impetu
723 2275 980 2320 studiorum
1000 2279 1047 2321 et
1066 2279 1197 2321 motu
1215 2276 1491 2322 temeritatis
1509 2276 1697 2322 modum

119 2353 175 2399 16
198 2355 398 2414 aliquem
433 2360 480 2402 et
517 2356 756 2402 consilium
792 2361 839 2403 et
873 2357 1098 2402 rationem
1134 2356 1448 2415 requiremus?
1517 2358 1619 2414 Qua
1649 2372 1697 2404 re

197 2437 291 2482 noli
338 2452 411 2483 me
457 2437 516 2483 ad
563 2438 903 2484 contentionem
948 2441 1157 2483 vestrum
1198 2453 1371 2496 vocare,
1417 2439 1692 2487 Laterensis.

199 2518 386 2564 Etenim
421 2519 460 2564 si
495 2519 662 2578 populo
697 2523 830 2578 grata
864 2523 934 2565 est
970 2519 1154 2577 tabella,
1188 2535 1303 2578 quae
1338 2520 1513 2567 frontes
1549 2522 1696 2580 aperit
1721 2542 1759 2572 25

198 2600 450 2658 hominum,
476 2605 653 2647 mentes
689 2602 806 2659 tegit
842 2601 1013 2659 datque
1049 2616 1149 2646 eam
1185 2601 1460 2660 libertatem,
1489 2607 1542 2648 ut
1574 2604 1695 2662 quod

200 2682 344 2727 velint
368 2683 551 2739 faciant,
578 2683 855 2742 promittant
874 2686 1028 2729 autem
1053 2682 1175 2741 quod
1195 2688 1438 2742 rogentur:
1476 2700 1555 2731 cur
1571 2688 1625 2731 tu
1647 2686 1696 2732 id

1834 2035 1846 2195 nm-ss‘A—-fi
1839 1898 1846 2025 vuras-
1839 1825 1846 1863 *-

1823 2763 1846 2834 ’.ζᾳῖ
1826 2709 1838 2750 Ἄ
1823 2524 1846 2703 nter-mu·-
1830 2454 1846 2518 Δ·
1838 2412 1846 2439 ..
1831 2228 1846 2406 -ὼ-
1841 2211 1846 2222 -
