1846 2996
0 2805 3 2830 Ι

1 2834 3 2910 4

106 194 125 233 ἕ
145 192 195 229 44
470 188 578 230 PRO
610 187 698 230 CN.
736 187 983 229 PLANCIO
1013 188 1226 229 ORATIO
1552 188 1601 227 21

105 326 344 382 parerent:
382 338 464 368 nos
500 337 646 382 neque
683 338 739 369 ex
774 322 963 369 delectis
997 321 1239 377 iudicibus,
1273 320 1354 368 sed
1390 335 1446 367 ex
1482 321 1606 366 omni

104 405 284 465 popu10,
324 421 471 466 neque
513 406 661 452 editos
701 405 761 452 ad
802 405 1095 463 reiciendum,
1133 405 1214 451 sed
1249 404 1308 450 ab
1344 407 1607 450 accusatore

104 489 381 534 constitutos
417 488 589 534 iudices
624 489 692 534 ita
733 488 942 547 feremus,
982 491 1037 534 ut
1072 488 1300 533 neminem
1336 485 1609 532 reiciamus‘l

105 569 269 629 Neque
310 584 393 629 ego
434 584 556 616 nunc
596 569 711 629 legis
752 570 1048 628 iniquitatem
1089 583 1267 627 queror,
1311 567 1392 614 sed
1432 567 1606 613 factum
1630 561 1688 606 42

105 655 238 698 tuum
258 667 285 697 a
302 652 535 698 sententia
557 646 673 711 legis
698 651 836 698 doceo
860 651 1115 710 discrepare
1134 668 1144 698 ε
1181 654 1228 696 et
1251 649 1368 696 illud
1392 649 1606 696 acerbum

104 734 325 780 iudicium
349 735 402 793 si,
431 749 566 794 quem
591 734 650 780 ad
683 734 872 780 modum
897 738 1083 780 senatus
1108 734 1286 780 censuit
1320 731 1606 793 populusque

104 818 253 876 iussit,
280 817 350 864 ita
384 817 580 877 fecisses,
609 821 663 864 ut
698 817 806 864 huic
838 821 886 864 et
921 832 1052 863 suam
1077 820 1125 863 et
1149 816 1208 862 ab
1231 816 1317 862 1100
1341 816 1606 862 observatas

104 899 255 945 tribus
288 899 457 959 ederes,
484 914 576 946 non
599 899 736 946 modo
764 915 856 945 non
889 914 1112 959 quererer,
1141 898 1220 944 sed
1244 897 1367 944 hunc
1401 897 1458 945 iis
1491 896 1608 943 iudi·
1675 895 1677 898 ’

106 981 235 1027 cibus
282 982 433 1040 editis,
472 983 553 1041 qui
594 982 734 1028 iidem
783 985 926 1028 testes
973 997 1070 1028 esse
1105 984 1304 1040 possent,
1342 979 1607 1026 absolutum

43 1086 80 1108 10
105 1067 346 1123 putarem:
382 1079 530 1123 neque
555 1079 676 1110 1111110
700 1064 849 1110 multo
877 1079 1007 1110 secus
1040 1064 1267 1110 existimo,
1341 1061 1461 1109 Cum
1485 1062 1607 1108 0111111

106 1145 189 1191 1135
225 1145 374 1191 tribus
407 1146 606 1204 edidisti,
635 1146 805 1205 ignotis
840 1150 888 1192 te
923 1145 1152 1192 iudicibus
1186 1145 1259 1190 uti
1293 1143 1432 1190 malle
1467 1158 1607 1203 quam

105 1228 229 1274 notis
269 1228 561 1276 indicavisti:
609 1228 773 1288 fugisti
813 1228 1093 1274 sententiam
1133 1227 1278 1286 legis:
1326 1227 1608 1286 aequitatem

105 1325 287 1356 omnem
311 1310 538 1358 reiecisti:
575 1311 623 1356 111
648 1310 851 1357 tenebris
874 1325 1012 1370 quam
1030 1311 1079 1356 in
1102 1309 1203 1356 luce
1228 1324 1412 1355 causam
1437 1310 1609 1355 versari

105 1391 324 1440 maluisti.
402 1395 413 1416 ‘
429 1391 640 1439 Voltinia
675 1392 826 1439 tribus
862 1393 921 1438 ab
956 1392 1041 1438 hoc
1077 1396 1303 1451 corrupta,
1344 1392 1609 1438 Teretinam
1630 1391 1690 1438 43

44 1500 58 1521 1
105 1474 331 1521 habuerat
366 1474 589 1521 venalem.
664 1474 787 1532 Quid
823 1475 996 1521 diceret
1032 1474 1155 1534 apud
1189 1474 1502 1521 Voltinienses
1525 1478 1609 1521 aut

106 1557 229 1617 apud
254 1556 446 1603 tribules
464 1572 571 1603 suos
595 1557 768 1603 iudices
784 1557 799 1603 2
815 1557 826 1578 '
897 1557 1048 1603 Immo
1066 1571 1174 1603 vero
1193 1560 1248 1602 tu
1272 1556 1383 1616 quid
1407 1556 1612 1604 diceres?

107 1654 243 1699 quem
283 1639 482 1686 iudicem
518 1655 574 1686 ex
615 1639 710 1685 illis
746 1643 828 1685 aut
863 1639 1062 1685 tacitum
1097 1642 1266 1685 testem
1301 1638 1492 1685 haberes
1526 1642 1611 1685 aut

107 1737 216 1768 vero
256 1721 398 1767 etiam
439 1722 695 1769 excitares‘l
777 1722 978 1780 Etenim,
1023 1722 1063 1768 si
1104 1737 1208 1768 reus
1249 1721 1400 1768 tribus
1440 1721 1608 1781 ederet,

108 1803 364 1850 Voltiniam
405 1803 599 1850 fortasse
643 1804 860 1850 Plancius
900 1807 1089 1863 propter
1129 1804 1512 1850 necessitudinem
1558 1819 1611 1850 ac

107 1886 410 1944 vicinitatem,
437 1902 569 1932 suam
592 1902 702 1933 vero
726 1890 848 1932 certe
874 1886 1104 1932 edidisset.
1179 1886 1269 1932 Vel
1305 1887 1344 1932 si
1379 1886 1612 1946 quaesitor

108 1968 215 2014 huic
243 1969 446 2015 edendus
478 1970 655 2029 fuisset,
685 1984 820 2028 quem
846 1968 1035 2015 tandem
1067 1970 1221 2028 potius
1246 1984 1385 2028 quam
1408 1961 1532 2015 hunc
1557 1968 1608 2017 O.

109 2052 298 2111 Alfium,
324 2068 461 2112 quem
497 2053 650 2111 habet,
680 2053 754 2099 cui
789 2053 1060 2099 notissimus
1085 2068 1182 2098 esse
1214 2052 1362 2111 debet,
1391 2052 1608 2110 vicinum,

110 2135 339 2195 tribulem,
358 2136 684 2195 gravissimum
702 2135 936 2182 hominem
951 2135 1347 2194 iustissimumque
1364 2134 1583 2180 edidisset
1598 2135 1614 2181 ‘l

110 2218 238 2263 cuius
273 2217 459 2277 quidem
495 2218 704 2277 aequitas
740 2221 787 2264 et
823 2233 877 2264 ea
911 2217 1127 2263 voluntas
1163 2232 1270 2276 erga
1312 2216 1396 2264 On.
1436 2216 1614 2263 Plancii

47 2322 65 2343 2
110 2299 320 2357 salutem,
357 2314 496 2358 quam
532 2299 610 2345 ille
646 2300 743 2345 sine
779 2299 875 2345 ulla
910 2299 1180 2358 cupiditatis
1216 2299 1470 2358 suspicione
1506 2314 1613 2358 prae

111 2395 159 2426 se
193 2380 295 2440 fert,
323 2380 456 2427 facile
493 2380 696 2427 declarat
726 2396 819 2426 n.-·.
850 2381 991 2426 fuisse
1023 2380 1265 2442 fugiendos
1291 2379 1484 2427 tribules
1508 2380 1615 2426 huic

112 2461 296 2520 iudices,
348 2462 422 2508 cui
470 2463 775 2522 quaesitorem
832 2462 1051 2509 tribulem
1104 2462 1415 2521 exoptandum
1473 2463 1614 2509 fuisse

112 2543 322 2592 videatis

196 2624 384 2671 XVIII.
428 2626 590 2686 Neque
615 2642 697 2686 ego
721 2642 843 2672 nunc
873 2626 1115 2673 consilium
1148 2627 1428 2685 reprehendo
1465 2632 1611 2686 tuum,
1639 2638 1697 2683 44

51 2732 92 2762 30
114 2707 236 2767 quod
283 2723 358 2754 eas
406 2709 566 2767 tribus,
612 2710 779 2768 quibus
822 2714 920 2755 erat
967 2712 1042 2757 hic
1083 2711 1281 2757 maxime
1327 2714 1477 2768 notus,
1524 2726 1615 2756 non
