1846 2996
83 181 172 223 §65
454 178 563 220 PRO
594 178 683 220 CN.
715 177 966 219 PLANCIO
996 177 1208 219 ORATIO
1534 180 1586 219 33

84 317 130 359 te
168 316 461 359 accusantem
502 316 597 359 tam
642 312 723 359 diu
763 312 925 370 dicere,
957 311 1079 371 quod
1114 326 1197 371 ego
1233 310 1445 356 defensor
1486 311 1584 357 sine

83 395 283 455 periculo
329 395 499 455 possim
541 395 762 442 confiteri.
850 394 998 454 Atqui
1044 409 1136 440 non
1182 393 1319 440 modo
1366 393 1585 439 confiteor

83 493 264 524 summa
291 478 339 524 in
373 478 621 525 Laterense
655 482 925 524 ornamenta
956 492 1067 537 esse,
1095 476 1176 523 sed
1201 480 1248 523 te
1272 476 1414 522 etiam
1438 490 1585 535 repre-

84 559 247 619 hendo,
284 560 406 619 quod
442 575 496 607 ea
535 576 628 606 non
664 575 914 619 enumeres,
955 560 1047 606 alia
1081 559 1308 619 quaedam
1344 558 1502 604 inania
1538 563 1585 604 et

44 642 204 699 5levia
236 643 488 702 conquiras.
565 642 842 689 ‘Praeneste
876 642 1036 689 fecisse
1071 641 1234 689 ludos.'
1307 639 1461 697 Quicw
1507 640 1587 686 alii

83 729 348 784 quaestores
411 740 559 772 nonne
621 725 860 772 fecerunt?
967 724 1187 785 ‘Cyrenis
1244 723 1482 770 liberalem
1538 723 1588 769 in

83 807 364 867 publicanos,
392 808 567 854 iustum
591 808 640 853 in
664 808 808 854 socios
832 807 1002 855 fuisse?
1074 806 1188 863 Quis
1213 808 1383 866 negat?
1416 805 1497 852 sed
1521 805 1590 851 ita

85 890 234 936 multa
254 890 426 937 Romae
444 894 678 950 geruntur,
702 894 756 936 ut
775 890 856 936 vix
879 905 944 948 ea,
967 904 1084 948 quae
1108 889 1228 936 fiunt
1251 889 1301 934 in
1324 887 1585 948 provinciis,

85 973 347 1020 audiantur.
420 972 528 1019 Non
563 987 723 1019 vereor
756 987 814 1018 ne
846 971 962 1017 mihi
997 971 1187 1031 aliquid,
1219 971 1403 1030 iudices,
1432 970 1591 1016 videar
1613 973 1673 1021 64

25 1080 64 1102 ιο
86 1055 316 1115 adrogare,
339 1056 379 1102 si
404 1055 460 1101 de
484 1059 731 1115 quaestura
755 1070 858 1101 mea
876 1054 1048 1103 dixero,
1123 1053 1345 1111 Quamvis
1370 1053 1491 1100 enim
1510 1052 1592 1099 illa

86 1138 304 1197 floruerit,
333 1142 490 1184 tamen
514 1153 620 1184 eum
638 1153 712 1184 me
737 1142 897 1198 postea
914 1139 1056 1185 fuisse
1075 1138 1123 1183 in
1147 1136 1362 1183 maximis
1387 1135 1592 1195 imperiis

87 1221 296 1278 arbitror,
323 1224 378 1267 ut
402 1235 492 1266 non
517 1221 585 1267 ita
607 1220 812 1267 multum
830 1221 946 1267 mihi
964 1221 1135 1280 gloriae
1155 1220 1217 1266 sit
1236 1235 1293 1266 ex
1317 1223 1591 1279 quaesturae

87 1303 222 1350 laude
246 1303 546 1363 repetendum
567 1321 576 1349 :
611 1303 692 1350 sed
716 1308 874 1350 tamen
898 1319 991 1350 non
1015 1318 1185 1362 vereor,
1213 1317 1271 1349 ne
1294 1302 1398 1362 quis
1422 1301 1591 1347 audeat

88 1386 236 1433 dicere
276 1386 417 1432 ullius
458 1386 507 1432 in
549 1386 708 1433 Sicilia
754 1390 1053 1446 quaesturam
1101 1390 1183 1432 aut
1225 1385 1463 1432 clariorem
1507 1389 1591 1430 aut

27 1492 64 1522 15
87 1469 334 1527 gratiorem
374 1469 526 1517 fuisse.
602 1468 722 1515 Vere
758 1468 1016 1515 mehercule
1052 1468 1139 1514 hoc
1174 1467 1353 1514 dicam:
1389 1467 1455 1513 sic
1489 1470 1592 1513 tum

89 1551 424 1611 existimabam,
447 1551 565 1597 nihil
582 1551 791 1598 homines
810 1550 937 1597 aliud
958 1551 1132 1597 Romae
1149 1550 1239 1596 nisi
1263 1550 1320 1596 de
1344 1553 1593 1609 quaestura

89 1649 191 1680 mea
236 1633 374 1694 loqui.
483 1634 724 1681 Frumenti
770 1634 820 1679 in
868 1648 1051 1679 summa
1096 1633 1291 1679 caritate
1337 1633 1592 1679 maximum

89 1731 332 1763 numerum
373 1717 615 1764 miseram:
665 1716 1029 1775 negotiatoribus
1067 1716 1223 1774 comis,
1261 1715 1593 1761 mercatoribus

88 1799 252 1859 iustus,
294 1800 583 1859 mancipibus
630 1792 848 1858 liberalis,
897 1799 1031 1845 sociis
1078 1798 1328 1856 abstinens,
1381 1797 1593 1844 omnibus

25 1905 67 1930 20
89 1897 214 1928 eram
254 1882 382 1928 visus
423 1882 472 1927 in
519 1882 644 1928 omni
682 1882 828 1928 officio
871 1881 1285 1940 diligentissimus:
1344 1880 1594 1939 excogitati

89 1964 278 2024 quidam
302 1968 434 2011 erant
465 1980 493 2010 a
522 1964 688 2011 Siculis
722 1964 915 2010 honores
950 1964 999 2010 in
1034 1979 1108 2010 me
1140 1963 1353 2009 inauditi.
1426 1963 1594 2022 Itaque
1616 1969 1676 2015 65

89 2046 176 2093 hac
215 2062 295 2106 spe
337 2047 624 2105 decedebam,
663 2051 717 2093 ut
752 2047 869 2093 mihi
910 2046 1132 2106 populum
1173 2035 1435 2092 Remanum
1471 2045 1594 2092 ultro

91 2129 244 2175 omnia
278 2128 540 2176 delaturum
575 2133 800 2189 putarem.
876 2129 943 2175 At
975 2144 1058 2188 ego
1088 2143 1193 2174 cum
1217 2143 1326 2175 casu
1351 2128 1513 2174 diebus
1537 2128 1595 2174 iis

90 2210 268 2258 itineris
291 2212 490 2259 faciendi
513 2227 650 2259 causa
674 2211 897 2258 decedens
922 2227 947 2258 e
971 2212 1208 2271 provincia
1232 2211 1451 2258 Puteolos
1475 2211 1594 2258 forte

28 2315 69 2348 25
89 2293 330 2353 venissem,
352 2309 456 2341 cum
474 2294 662 2354 plurimi
680 2298 728 2341 et
752 2294 1003 2340 lautissimi
1026 2294 1075 2340 in
1098 2294 1156 2341 iis
1174 2293 1286 2340 locis
1305 2293 1455 2340 solent
1479 2308 1590 2354 esse,

90 2376 267 2423 concidi
289 2392 445 2437 paene,
473 2377 658 2436 iudices,
687 2392 792 2424 cum
817 2392 874 2423 ex
896 2392 970 2423 me
995 2376 1184 2436 quidam
1209 2377 1479 2436 quaesisset,
1503 2391 1595 2436 quo

90 2457 163 2505 die
196 2458 346 2507 Roma
379 2459 573 2507 exissem
597 2464 645 2507 et
669 2460 1008 2520 numquidnam
1033 2464 1154 2506 esset
1186 2460 1306 2506 novi.
1378 2459 1466 2506 Oui
1489 2474 1594 2506 cum

90 2542 438 2601 respondissem,
471 2557 544 2589 me
580 2558 604 2589 e
639 2543 876 2603 provincia
911 2542 1153 2589 decedere:
1200 2543 1384 2588 ‘Etiam
1420 2541 1594 2589 meher-

90 2623 220 2682 cule,'
239 2624 404 2684 inquit,
432 2626 504 2671 ‘ut
520 2625 691 2684 opinor,
705 2640 762 2672 ex
780 2625 964 2671 Africa!
1018 2624 1228 2671 XXVII.
1264 2625 1388 2671 Huic
1404 2640 1487 2684 ego
1501 2625 1594 2672 iam

91 2707 383 2754 stomachans
406 2707 643 2754 fastidiose
663 2725 672 2755 :
714 2710 725 2732 ‘
741 2707 892 2754 Immo
916 2723 974 2754 ex
993 2707 1180 2767 Sicilia,'
1199 2708 1399 2767 inquam.
1476 2708 1594 2754 Tum

818 2799 853 2831 D
