1846 2996
237 211 288 249 18
681 208 738 248 M.
773 207 943 248 TULLI
974 207 1278 249 CICERONIS
1640 213 1660 252 ἕ
1679 211 1730 250 35

235 342 401 400 minus,
429 341 477 387 id
501 340 624 400 quod
648 340 859 387 hostibus
877 355 1055 400 semper
1078 344 1178 387 erat
1201 340 1443 400 tributum,
1465 355 1732 400 responsum

237 422 470 482 equitibus
502 423 723 469 Romanis
747 422 1025 481 redderetur,
1053 422 1266 469 omnibus
1296 422 1378 468 illa
1399 423 1567 469 iniuria
1589 422 1734 469 dolori

235 505 327 550 fuit
362 504 633 564 publicanis,
665 504 745 550 sed
780 519 885 551 eum
919 504 1071 564 ipsum
1105 503 1307 551 dolorem
1343 504 1417 550 hic
1451 504 1563 551 tulit
1597 503 1735 564 paulo

236 586 451 645 apertius.
527 585 796 632 Communis
830 585 908 632 ille
936 600 1096 632 sensus
1127 586 1175 632 in
1199 586 1302 632 aliis
1337 585 1530 633 fortasse
1563 586 1733 634 latuit:

236 667 323 724 hic,
361 668 483 727 quod
525 683 630 714 cum
664 667 827 714 ceteris
862 668 1016 714 animo
1051 668 1291 726 sentiebat,
1330 668 1379 714 id
1413 669 1560 728 magis
1595 683 1733 727 quam
1757 695 1775 724 5

155 762 213 808 35
236 750 376 795 ceteri
400 753 447 795 et
470 748 608 796 vultu
631 754 897 809 promptum
921 749 1086 796 habuit
1110 754 1158 797 et
1181 750 1350 809 lingua.
1427 749 1729 810 Quamquam,

235 830 685 890 iudices—agnosco
726 832 848 878 enim
884 847 942 878 ex
974 832 1360 892 me—permulta
1393 833 1441 877 in
1477 832 1731 889 Plancium,

236 928 353 972 quae
377 912 438 959 ab
469 928 521 959 eo
545 928 782 973 nunquam
814 913 941 960 dicta
968 918 1091 972 sunt,
1119 908 1426 960 conferuntur.
1501 914 1599 973 Ego
1627 915 1735 974 quia

235 995 337 1041 dico
377 995 554 1054 aliquid
599 995 858 1054 aliquandO,
902 1011 995 1042 non
1041 996 1195 1042 studio
1241 995 1480 1054 adductus,
1525 995 1607 1042 sed
1653 1000 1735 1041 aut

236 1078 529 1124 contentione
577 1077 758 1124 dicendi
799 1081 881 1124 aut
926 1077 1180 1137 lacessitus,
1225 1081 1273 1124 et
1319 1078 1440 1137 quia,
1485 1081 1539 1124 ut
1585 1077 1640 1124 fit
1685 1078 1735 1123 in
1759 1101 1798 1123 10

235 1158 409 1217 multis,
461 1159 558 1205 exit
604 1158 850 1219 aliquando
897 1159 1072 1219 aliquid
1118 1160 1158 1206 si
1204 1174 1295 1206 non
1341 1160 1635 1219 perfacetum,
1685 1164 1736 1206 at

235 1244 392 1288 tamen
427 1242 621 1288 fortasse
653 1257 745 1287 non
769 1242 1005 1301 rusticum,
1033 1242 1156 1301 quod
1191 1242 1383 1301 quisque
1419 1242 1551 1298 dixit,
1578 1256 1651 1288 me
1686 1241 1735 1287 id

236 1323 406 1369 dixisse
430 1323 603 1370 dicunt.
678 1323 778 1382 Ego
796 1327 965 1383 autem,
988 1325 1027 1370 si
1051 1324 1164 1383 quid
1183 1328 1266 1382 est,
1289 1324 1411 1383 quod
1434 1324 1549 1370 mihi
1566 1324 1734 1370 scitum

235 1420 334 1452 esse
367 1405 581 1451 videatur
615 1409 662 1451 et
702 1405 886 1452 homine
927 1406 1125 1466 ingenuo
1165 1406 1356 1465 dignum
1396 1410 1536 1465 atque
1582 1405 1730 1465 doct0,

235 1502 328 1533 non
351 1502 595 1547 aspernor:
630 1488 902 1547 stomachor,
932 1503 1036 1534 cum
1059 1488 1254 1534 aliorum
1282 1503 1373 1534 non
1403 1503 1477 1534 me
1512 1488 1652 1546 digna
1685 1488 1734 1533 in
1759 1512 1796 1542 15
1837 1487 1846 1494 ”

235 1584 309 1615 1110
350 1569 656 1615 conferuntur.
744 1570 869 1616 Nam
916 1569 1038 1629 quod
1083 1571 1258 1629 primus
1304 1571 1440 1616 scivit
1484 1570 1632 1629 legem
1678 1570 1734 1616 de

236 1651 492 1711 publicanis
525 1656 639 1711 tum,
669 1667 773 1698 cum
796 1652 870 1698 vir
893 1652 1204 1712 amplissimus
1227 1652 1385 1699 consul
1413 1653 1460 1699 id
1491 1652 1561 1699 illi
1585 1652 1734 1698 ordini

235 1749 315 1794 per
360 1734 581 1794 populum
639 1734 779 1792 dedit,
832 1734 953 1794 quod
1010 1749 1091 1794 per
1144 1739 1369 1792 senatum,
1418 1736 1456 1781 si
1513 1735 1730 1793 licuisset,

235 1815 466 1862 dedisset:
503 1817 543 1862 si
578 1816 626 1862 in
658 1832 710 1862 eo
735 1817 905 1863 crimen
930 1821 1012 1874 est,
1038 1817 1147 1876 quia
1177 1817 1444 1877 suffragium
1479 1817 1604 1875 tulit,
1633 1818 1734 1876 quis

235 1913 327 1944 non
362 1898 474 1944 tulit
508 1898 813 1958 publicanus?
857 1898 909 1958 si,
949 1898 1059 1958 quia
1097 1899 1272 1958 primus
1307 1899 1457 1958 scivit,
1492 1903 1651 1945 utrum
1686 1898 1733 1944 id
1757 1925 1798 1947 ρο

236 1979 373 2026 sortis
413 1995 510 2026 esse
550 1980 621 2026 vis
662 1995 721 2026 an
762 1980 872 2038 eius,
912 1980 993 2039 qui
1034 1979 1163 2026 illam
1205 1980 1354 2040 legem
1394 1980 1602 2027 ferebat?
1682 1980 1733 2027 Si
1806 1965 1808 1967 ‚

235 2063 385 2120 sortis,
413 2061 593 2108 nullum
630 2062 800 2108 crimen
836 2066 907 2108 est
942 2063 991 2108 in
1026 2077 1163 2108 casu:
1201 2063 1240 2108 si
1275 2062 1486 2121 consulis,
1519 2061 1733 2122 splendor

236 2144 376 2190 etiam
402 2143 563 2190 Planci
586 2143 708 2190 hunc
739 2159 767 2189 a
797 2159 978 2190 summo
1007 2144 1106 2190 viro
1137 2144 1388 2204 principem
1426 2159 1524 2191 esse
1562 2143 1732 2190 ordinis

235 2225 501 2273 iudicatum.

236 2364 279 2412 ἓξ
307 2362 450 2404 36-57,
492 2364 576 2403 The
604 2364 745 2403 second
766 2368 868 2416 part
899 2365 946 2416 of
972 2364 1036 2404 the
1065 2364 1211 2415 speech.
1276 2364 1411 2405 Cicero
1439 2366 1640 2405 considers
1669 2364 1732 2404 the

344 2427 453 2481 legal
481 2432 610 2479 aspect
638 2430 685 2479 of
709 2429 772 2468 the
804 2442 900 2479 case,
935 2430 1022 2468 and
1049 2430 1177 2469 shows
1204 2429 1292 2469 that
1320 2431 1554 2469 Laterensis
1586 2433 1733 2469 cannot

344 2506 471 2546 prove
502 2495 589 2533 that
622 2494 824 2533 Plancius
855 2495 975 2534 made
1008 2507 1078 2533 ‘ase
1108 2495 1157 2545 of
1182 2495 1341 2545 bribery
1368 2496 1454 2534 and
1482 2496 1727 2545 corruption,

345 2559 433 2598 that
456 2559 690 2598 Laterensis
716 2559 793 2598 has
811 2560 926 2599 acted
944 2562 1135 2609 contrary
1153 2563 1192 2599 to
1211 2560 1274 2598 the
1293 2560 1418 2610 spirit
1436 2560 1485 2610 of
1499 2560 1562 2599 tlw
1583 2561 1666 2599 law
1683 2560 1733 2598 in

344 2624 536 2674 accusiny
556 2623 756 2662 Plancius
773 2624 907 2663 urtder
926 2623 991 2662 the
1011 2622 1098 2662 Lex
1118 2622 1281 2662 Licinia
1304 2625 1362 2673 (§§
1383 2624 1544 2673 36-48).

154 2727 213 2773 36
321 2714 424 2762 XV.
467 2715 558 2761 Sed
592 2715 839 2773 aliquando
863 2715 1101 2760 veniamus
1124 2715 1182 2760 ad
1215 2730 1410 2762 causam.
1484 2715 1542 2761 In
1566 2731 1656 2775 qua
1680 2720 1733 2761 tu
1755 2750 1795 2781 2⁵
