1846 2996
107 175 196 216 §30
473 171 580 213 PRO
613 171 701 213 CN.
738 171 987 212 PLANCIO
1019 171 1231 212 ORATIO
1559 174 1606 212 15

106 320 202 352 esse
222 308 444 365 oportere,
463 306 620 351 officiis
639 304 1042 364 benivolentiaque
1060 305 1300 364 superarit.
1375 303 1607 350 Tribunus

105 388 253 448 plebis
288 388 392 446 fuit,
422 403 510 434 non
547 388 741 434 fortasse
777 391 875 433 tam
911 387 1160 433 vehemens
1195 401 1335 446 quam
1372 387 1463 445 isti,
1493 401 1607 445 quos

105 475 160 518 tu
190 471 287 517 iure
325 470 499 529 laudas,
535 471 614 517 sed
651 474 772 517 certe
806 470 927 528 talis,
964 470 1124 529 quales
1159 470 1200 516 si
1236 484 1393 515 omnes
1430 484 1609 528 semper

105 553 314 612 fuissent,
344 568 596 612 numquam
621 553 908 600 desideratus
933 552 1180 599 vehemens
1205 556 1325 598 esset
1349 551 1575 599 tribunus.

65 658 82 688 5
190 635 304 682 XII.
353 635 532 682 Omitto
566 635 660 694 illa,
699 650 817 694 quae
853 635 892 680 si
928 635 1080 680 minus
1116 635 1164 680 in
1200 649 1362 680 scaena
1397 638 1519 693 sunt,
1559 638 1609 681 at
1632 634 1691 680 29

106 721 240 776 certe,
281 732 384 763 cum
421 721 530 764 sunt
565 717 756 777 prolata,
797 717 1060 775 laudantur,
1098 721 1153 762 ut
1188 717 1319 762 vivat
1356 731 1460 763 cum
1495 716 1605 776 suis,

106 799 307 859 primum
349 815 453 846 cum
494 805 860 860 parente—nam
901 815 1003 846 meo
1044 799 1212 845 iudicio
1254 800 1401 858 pietas
1448 799 1609 845 funda-

105 885 316 928 mentum
351 886 422 928 est
455 882 659 928 omnium
694 883 1132 942 virtutum—quem
1167 885 1353 928 veretur
1384 885 1438 928 ut
1471 881 1606 928 deum
1679 903 1681 905 ·

105 979 327 1023 —neque
369 965 492 1010 enim
538 965 688 1011 multo
734 980 864 1011 secus
913 969 983 1011 est
1031 979 1195 1023 parens
1242 964 1609 1011 liberis—amat

45 1071 83 1092 10
104 1061 211 1093 vero
234 1050 290 1092 ut
321 1047 537 1107 sodalem,
565 1051 618 1094 ut
652 1047 856 1106 fratrem,
884 1051 938 1094 ut
973 1047 1223 1106 aequalem.
1300 1046 1423 1103 Quid
1459 1047 1607 1094 dicam

105 1144 208 1175 cum
233 1132 410 1188 patruo,
441 1144 544 1175 cum
569 1130 812 1189 adfinibus,
843 1145 946 1176 cum
971 1131 1252 1190 propinquis,
1281 1145 1383 1176 cum
1410 1129 1495 1176 hoc
1520 1130 1604 1179 Gn.

105 1210 368 1270 Saturnino,
388 1212 680 1258 ornatissimo
697 1213 796 1258 viro
816 1215 832 1258 2
867 1213 997 1259 cuius
1013 1217 1236 1272 quantam
1262 1212 1446 1259 honoris
1470 1212 1608 1259 huius

104 1293 406 1352 cupiditatem
431 1293 572 1340 fuisse
591 1294 792 1352 creditis,
815 1310 919 1341 cum
943 1294 1113 1341 videtis
1138 1295 1290 1341 luctus
1310 1295 1609 1342 societatem‘l

105 1374 228 1432 Quid
263 1375 320 1422 de
355 1391 428 1423 me
463 1376 626 1435 dicam,
657 1377 736 1436 qui
760 1377 875 1423 mihi
903 1378 952 1423 in
984 1378 1122 1423 huius
1156 1378 1358 1437 periculo
1382 1393 1485 1425 reus
1510 1393 1607 1425 esse

42 1482 79 1513 15
103 1457 291 1505 videor?
325 1458 437 1517 quid
472 1458 528 1505 de
564 1459 636 1505 his
672 1463 745 1506 tot
779 1460 892 1506 viris
929 1459 1114 1519 talibus,
1143 1475 1256 1519 quos
1281 1460 1451 1507 videtis
1478 1464 1607 1507 veste

103 1540 316 1588 mutata?
400 1540 556 1600 Atque
603 1541 714 1588 haec
755 1546 865 1588 sunt
911 1542 1093 1602 indicia,
1137 1543 1321 1601 iudiceS,
1368 1543 1515 1589 solida
1559 1547 1607 1590 et

103 1637 326 1682 expressa,
355 1622 466 1669 haec
499 1624 630 1683 signa
663 1624 910 1684 probitatis
935 1641 1027 1671 non
1059 1625 1215 1672 fucata
1249 1626 1419 1672 forensi
1442 1627 1602 1686 specie,

101 1704 183 1751 sed
223 1705 485 1752 domesticis
519 1706 677 1753 inusta
711 1708 834 1754 notis
875 1708 1099 1755 veritatis.
1181 1708 1374 1754 Futtilis
1415 1713 1487 1755 est
1525 1709 1607 1756 illa

103 1788 353 1834 occursatio
372 1791 419 1834 et
443 1787 671 1835 blanditia
695 1789 926 1849 popularis
946 1808 955 1838 :
992 1790 1260 1850 adspicitur,
1279 1806 1369 1837 non
1389 1795 1606 1838 attrecta-

41 1897 81 1918 20
103 1873 209 1930 tur,
243 1870 400 1929 procul
425 1876 628 1930 apparet,
647 1887 738 1918 non
757 1874 1002 1932 excutitur,
1025 1889 1116 1920 non
1140 1874 1188 1920 in
1206 1889 1370 1920 manus
1389 1875 1601 1923 sumitur.

104 1951 329 1999 Omnibus
375 1954 519 2012 igitur
558 1955 693 2001 rebus
735 1960 949 2003 ornatum
990 1957 1223 2004 hominem
1263 1961 1361 2003 tam
1403 1958 1605 2004 externis
1627 1958 1685 2004 30

104 2049 242 2094 quam
282 2035 556 2094 domesticis,
600 2038 834 2085 nonnullis
874 2039 1010 2086 rebus
1053 2039 1313 2086 inferiorem
1360 2055 1499 2099 quam
1541 2044 1600 2100 te,

101 2117 279 2176 generis
325 2118 426 2165 dico
472 2123 519 2166 et
566 2122 777 2180 nominis,
828 2123 1106 2181 superiorem
1153 2123 1268 2182 aliis,
1320 2124 1603 2183 municipum

102 2200 355 2247 vicinorum
381 2203 652 2249 societatum
677 2204 845 2262 studio,
868 2219 1073 2251 meorum
1092 2209 1351 2265 temporum
1371 2207 1599 2265 memoria,

41 2300 80 2331 25
103 2297 256 2342 parem
292 2285 467 2331 virtute
501 2285 770 2345 integritate
806 2287 1031 2334 modestia
1066 2288 1259 2335 aedilem
1296 2288 1472 2335 factum
1507 2305 1603 2336 esse

103 2365 313 2413 miraris?

103 2519 147 2567 ἓξ
167 2520 311 2559 30-35.
345 2521 480 2561 Cicero
507 2523 637 2562 shows
664 2524 752 2563 that
782 2524 846 2563 the
880 2526 1152 2574 imputatione
1180 2531 1262 2566 cast
1292 2527 1341 2577 by
1370 2528 1604 2567 Laterensis

212 2597 263 2623 on
283 2585 494 2626 Plancius’
517 2589 590 2638 hgfe
609 2589 697 2627 and
716 2590 883 2628 conduct
903 2603 974 2628 are
995 2592 1168 2641 entirely
1188 2593 1442 2642 unfounded.

190 2687 328 2734 Hunc
370 2692 423 2735 tu
465 2691 587 2736 vitae
629 2691 916 2750 splendorem
959 2693 1149 2739 maculis
1188 2694 1421 2755 adspergis
1468 2697 1603 2743 istis'l
