1846 2996
251 213 302 252 38
695 213 752 253 M.
786 214 957 255 TULLI
988 214 1291 257 CICERONIS
1655 223 1674 260 ἕ
1694 218 1744 260 73

250 347 511 395 amicitiae?
546 363 661 408 quae
684 349 726 395 si
750 364 840 394 non
873 353 1038 410 essent,
1065 365 1255 409 vererer,
1282 350 1427 410 credo,
1455 367 1512 399 ne
1547 354 1747 413 turpiter

251 430 457 488 facerem,
507 430 548 475 si
594 430 680 476 1100
725 430 965 490 splendore
1011 436 1058 479 et
1110 432 1195 479 1130
1241 433 1469 492 dignitate
1514 434 1746 482 hominem

251 512 552 560 defenderem.
627 513 865 572 Fingenda
904 513 1020 560 mihi
1060 514 1150 561 fuit
1190 515 1407 563 videlicet
1447 531 1583 563 causa
1621 532 1747 577 pera-

251 599 369 652 cuta,
395 599 449 641 ut
485 596 539 654 ei,
567 610 706 654 quem
741 595 857 641 mihi
892 596 1056 643 debere
1090 602 1333 657 oporteret,
1369 613 1452 658 ego
1485 613 1559 645 1110
1593 600 1747 645 01111113

251 676 414 723 debere
455 677 665 725 dicerem.
738 677 805 723 At
845 677 894 724 id
935 679 1075 725 etiam
1115 680 1311 739 gregarii
1351 680 1524 726 milites
1569 680 1746 727 faciunt
1768 699 1787 730 s

251 759 401 817 inviti,
428 763 483 806 ut
507 774 720 806 coronam
756 759 870 806 dent
904 761 1096 807 civicam
1119 765 1167 808 et
1198 776 1247 808 se
1274 762 1334 808 ab
1365 762 1518 821 aliquo
1541 767 1746 809 servatos

251 855 349 887 esse
385 840 634 899 fateantur,
667 856 758 887 non
791 857 882 901 quo
919 846 1054 902 turpe
1086 843 1149 889 sit
1185 847 1446 902 protectum
1477 845 1526 890 in
1557 845 1653 891 3010
1690 859 1747 891 ex

251 923 456 970 hostium
479 923 693 969 manibus
726 924 922 983 eripi—
937 939 1045 970 nam
1073 924 1122 970 id
1156 925 1357 972 accidere
1389 926 1479 971 nisi
1513 926 1624 972 forti
1647 927 1747 973 viro

251 1010 298 1052 et
334 1006 562 1065 pugnanti
600 1006 855 1052 comminus
893 1021 985 1052 non
1025 1007 1343 1066 potest—sed
1385 1022 1499 1054 onus
1538 1007 1747 1054 beneficii

250 1087 564 1147 reformidant,
608 1087 731 1146 quod
778 1103 1079 1147 permagnum
1120 1092 1191 1134 est
1231 1088 1381 1135 alieno
1420 1089 1583 1136 debere
1623 1089 1746 1136 idem

171 1180 228 1226 73
251 1170 374 1230 (111οᾶ
419 1170 614 1230 parenti.
689 1170 800 1229 Ego,
847 1185 951 1216 cum
998 1171 1138 1217 ceteri
1178 1186 1287 1217 vera
1330 1170 1563 1229 beneficia,
1607 1172 1747 1218 etiam

250 1253 440 1311 minora,
481 1252 789 1311 dissimulent,
832 1268 889 1299 110
928 1252 1121 1312 obligati
1158 1268 1255 1299 esse
1292 1253 1548 1312 videantur,
1585 1268 1638 1300 00
1674 1268 1748 1300 1110

250 1334 470 1382 beneficio
501 1334 776 1381 obstrictum
809 1350 907 1381 esse
939 1336 1177 1394 ementior,
1205 1335 1278 1380 cui
1302 1349 1359 1380 ne
1381 1335 1540 1381 referri
1562 1335 1748 1394 quidem

250 1418 401 1477 gratia
431 1432 563 1477 posse
593 1417 840 1463 videatur?
908 1417 984 1463 An
1019 1417 1105 1463 1100
1139 1421 1206 1476 111,
1235 1417 1511 1475 Laterensis,
1537 1417 1751 1476 ignoras?

252 1500 332 1559 qui
355 1514 459 1545 cum
483 1498 599 1545 mihi
622 1514 742 1545 esses
768 1500 1085 1559 amicissimus,
1114 1514 1220 1545 cum
1243 1498 1318 1545 vel
1348 1498 1603 1558 periculum
1625 1499 1750 1546 vitae

252 1586 360 1628 tuae
397 1596 575 1628 mecum
611 1582 781 1627 sociare
819 1580 1056 1640 voluisses,
1085 1595 1191 1627 cum
1228 1595 1302 1627 me
1338 1581 1387 1626 in
1422 1580 1504 1626 illo
1540 1581 1666 1626 tristi
1701 1585 1751 1627 et

253 1664 413 1711 acerbo
447 1663 578 1709 luctu
601 1667 741 1722 atque
777 1662 981 1709 discessu
1013 1678 1106 1709 non
1139 1662 1340 1708 lacrimis
1363 1661 1513 1708 solum
1535 1663 1644 1721 tuis,
1669 1662 1752 1708 sed

253 1748 418 1804 anim0,
447 1761 643 1805 corpore,
672 1746 813 1805 copiis
838 1749 1106 1804 prosecutus
1133 1760 1268 1803 esses,
1297 1759 1399 1790 cum
1422 1759 1548 1791 meos
1583 1743 1751 1791 liberos

254 1834 301 1876 et
324 1844 512 1875 uxorem
535 1843 609 1874 me
632 1828 822 1875 absente
847 1828 943 1874 tuis
967 1827 1133 1887 opibus
1157 1827 1418 1886 auxilioque
1442 1826 1750 1873 defendisses:

253 1913 318 1958 sic
341 1926 520 1957 mecum
554 1925 733 1970 semper
767 1911 915 1969 egisti,
944 1913 991 1956 te
1024 1909 1140 1956 mihi
1171 1910 1405 1955 remittere
1436 1912 1576 1968 atque
1599 1923 1752 1955 conce-

254 1994 374 2051 dere,
396 1996 451 2039 ut
486 2007 618 2038 omne
650 1992 859 2038 studium
884 2007 1038 2037 meum
1061 1992 1110 2037 in
1137 1990 1219 2038 Cn.
1249 1990 1428 2036 Plancii
1458 1990 1627 2037 honore
1652 2006 1752 2037 con-

253 2090 492 2134 sumerem,
543 2074 667 2134 quod
715 2075 813 2120 eius
860 2074 909 2120 in
956 2088 1029 2120 me
1077 2073 1294 2119 meritum
1342 2072 1430 2118 tibi
1475 2073 1618 2119 etiam
1663 2074 1753 2132 ipsi

175 2161 232 2207 74
253 2162 439 2216 gratum
491 2172 588 2203 esse
648 2156 845 2203 dicebas.
922 2155 1058 2202 Nihil
1115 2159 1273 2201 autem
1330 2170 1404 2202 me
1460 2156 1580 2214 novi,
1636 2155 1753 2201 nihil

255 2241 474 2300 temporis
499 2255 636 2286 causa
671 2239 832 2298 dicere,
864 2253 1015 2285 nonne
1046 2238 1187 2285 etiam
1212 2242 1283 2284 est
1318 2237 1401 2284 illa
1433 2239 1568 2284 testis
1592 2238 1750 2296 oratio,
1802 2262 1808 2268 ·

255 2338 372 2382 quae
412 2327 484 2370 est
529 2338 558 2369 a
597 2337 671 2369 me
713 2322 863 2381 prima
909 2320 1072 2367 habita
1105 2321 1154 2366 in
1195 2320 1392 2367 senatu?
1435 2321 1484 2366 in
1518 2335 1611 2380 qua
1650 2335 1754 2366 cum

255 2406 495 2465 perpaucis
519 2405 796 2451 nominatim
823 2404 1017 2463 egissem
1040 2403 1226 2461 gratias,
1248 2402 1371 2461 quod
1395 2417 1551 2448 omnes
1575 2417 1755 2448 enume-

255 2488 348 2534 rari
382 2487 510 2534 nullo
546 2487 682 2533 modo
720 2489 919 2545 possent,
947 2483 1095 2530 scelus
1131 2487 1288 2530 autem
1322 2487 1444 2530 esset
1478 2499 1756 2543 quemquam

255 2570 506 2628 praeteriri,
536 2569 893 2626 statuissemque
925 2581 1000 2613 eos
1033 2565 1181 2611 solum
1214 2566 1461 2624 nominare,
1489 2566 1570 2624 qui
1594 2581 1757 2612 causae

258 2656 440 2698 nostrae
478 2651 616 2697 duces
649 2653 697 2696 et
732 2649 865 2708 quasi
899 2647 1104 2706 signiferi
1140 2646 1351 2704 fuissent,
1379 2647 1427 2692 in
1462 2647 1534 2693 his
1567 2647 1756 2693 Plancio

256 2734 430 2793 gratias
468 2733 552 2791 egi.
626 2731 867 2777 Recitetur
903 2730 1062 2788 oratio,
1104 2744 1221 2789 quae
1258 2732 1446 2789 propter
1481 2729 1546 2775 rei
1583 2730 1756 2789 magni-
