1846 2996
78 193 167 237 §72
448 191 557 233 PRO
587 190 676 233 CN.
711 190 960 233 PLANCIO
989 190 1202 233 ORATIO
1524 193 1576 236 37

77 326 363 386 iugulavit‘l'
435 326 584 373 Immo
622 340 743 382 vero,
777 326 886 385 quia
923 324 1123 384 iugulari
1160 339 1322 385 passus
1359 340 1451 371 non
1489 329 1572 373 est.

78 409 181 467 Quo
204 409 390 468 quidem
414 412 468 455 tu
503 409 613 468 loco,
645 407 790 467 Cassi,
820 409 962 455 etiam
986 408 1195 467 purgasti
1219 407 1428 453 inimicos
1451 423 1576 454 meos

77 506 292 551 meaeque
339 492 464 538 vitae
510 490 660 538 nullas
707 491 767 537 ab
819 491 912 537 illis
964 490 1154 537 insidias
1205 490 1347 536 fuisse
1398 490 1570 537 dixisti.

78 573 241 620 Posuit
276 573 361 620 hoc
395 573 518 620 idem
553 573 828 621 Laterensis.
905 572 1055 630 Quam
1088 573 1146 619 ob
1180 588 1277 619 rem
1308 571 1446 632 paulo
1470 576 1574 632 post

35 679 54 711 5
77 656 133 702 de
162 655 253 702 isto
283 655 417 715 plura
442 656 591 703 dicam
609 674 623 717 3
658 656 714 702 de
743 660 791 702 te
823 659 1011 702 tantum
1034 655 1227 715 requiro,
1255 658 1413 701 utrum
1438 659 1574 715 putes

75 738 232 785 odium
272 738 321 783 in
363 753 435 784 me
475 739 700 785 mediocre
747 739 1038 784 inimicorum
1084 737 1443 798 fuisse—quod
1482 737 1574 784 fuit

75 820 272 867 ullorum
296 835 501 880 unquam
524 820 823 867 barbarorum
848 824 946 866 tam
970 820 1170 866 immane
1195 835 1247 866 ae
1270 823 1369 865 tam
1393 819 1574 866 crudele

75 904 124 948 in
158 903 511 952 hostem‘l—an
547 903 688 949 fuisse
712 903 760 948 in
785 903 842 948 iis
870 902 1072 962 aliquem
1104 906 1187 948 aut
1222 902 1371 949 famae
1395 906 1573 949 metum

75 989 157 1032 aut
181 1001 365 1045 poenae,
393 1001 587 1045 quorum
612 985 774 1032 vidisti
806 988 907 1032 toto
930 984 1011 1031 illo
1036 1000 1156 1031 anno
1188 985 1358 1031 ferrum
1382 986 1431 1031 in
1458 985 1568 1044 foro,

11 1091 52 1114 10
74 1067 308 1113 flammam
343 1069 392 1114 in
433 1068 648 1124 delubris,
687 1068 785 1114 vim
820 1068 869 1114 in
910 1071 1013 1114 tota
1047 1067 1160 1113 urbe
1195 1068 1399 1115 versari?
1467 1067 1572 1114 Nisi

73 1149 192 1196 forte
228 1150 466 1196 existimas
501 1165 576 1196 eos
610 1150 778 1196 idcireo
813 1150 939 1196 vitae
980 1165 1108 1196 meae
1143 1150 1409 1209 pepercisse,
1447 1150 1572 1209 quod

73 1231 130 1278 de
147 1231 301 1278 reditu
323 1247 425 1278 meo
448 1232 566 1278 nihil
589 1233 821 1280 timerent.
895 1232 958 1278 Et
976 1247 1254 1291 quemquam
1270 1236 1407 1292 putas
1430 1232 1571 1279 fuisse

73 1318 170 1360 tam
202 1315 453 1373 excordem,
489 1315 569 1374 qui
601 1315 720 1361 vivis
758 1314 844 1372 his,
880 1317 1034 1360 stante
1067 1314 1180 1360 urbe
1213 1319 1260 1361 et
1299 1315 1425 1361 curia
1455 1315 1571 1361 redi-

72 1401 229 1443 turum
253 1412 339 1456 me,
369 1398 408 1443 si
431 1398 648 1457 viverem,
675 1413 766 1443 non
790 1397 1011 1456 putaret?
1080 1396 1231 1454 Quam
1265 1397 1323 1443 ob
1359 1413 1455 1444 rem
1479 1413 1570 1444 non

10 1495 47 1527 15
71 1478 209 1526 debes
255 1480 294 1525 is
341 1479 477 1526 homo
530 1484 578 1526 et
629 1480 668 1526 is
726 1480 840 1526 civis
891 1480 1153 1539 praedicare
1206 1480 1353 1526 vitam
1405 1495 1567 1538 meam,

70 1577 187 1620 quae
244 1561 470 1608 fidelitate
523 1562 774 1608 amicorum
826 1566 1095 1609 conservata
1152 1563 1226 1620 sit,
1281 1562 1568 1608 inimicorum

69 1643 283 1690 molestia
305 1659 397 1690 non
421 1659 518 1690 esse
542 1645 810 1704 appetitam.

68 1813 111 1860 ἕξ
131 1810 275 1853 72-74.
309 1812 554 1863 Refutation
583 1813 632 1864 by
655 1813 790 1852 Cicero
810 1814 858 1864 of
871 1814 1068 1863 personal
1097 1813 1253 1853 attacks
1279 1814 1400 1852 made
1422 1826 1475 1852 on
1502 1814 1569 1853 his

176 1877 383 1916 character
395 1893 412 1925 ;
440 1878 487 1916 he
506 1878 592 1917 had
610 1879 770 1918 neither
790 1879 874 1918 Zied
892 1892 969 1918 nor
988 1879 1180 1918 invented
1198 1879 1266 1918 his
1277 1880 1386 1923 facts
1404 1882 1442 1918 to
1460 1892 1568 1919 serve

176 1942 239 1981 the
259 1945 359 1982 turn
378 1944 426 1993 (ff
439 1943 503 1982 the
521 1947 708 1982 moment.

151 2050 307 2097 XXX.
348 2052 651 2112 Respondebo
714 2054 803 2099 tibi
867 2069 1001 2112 nunc,
1071 2054 1348 2112 Laterensis,
1415 2055 1567 2101 minus
1591 2054 1649 2101 72

67 2132 260 2180 fortasse
295 2134 602 2193 vehementer,
631 2150 770 2194 quam
807 2136 889 2181 abs
924 2140 971 2182 te
1007 2151 1110 2182 sum
1146 2139 1448 2195 provocatus:
1486 2137 1566 2183 sed

6 2240 47 2263 ω
67 2216 268 2276 profecto
291 2231 375 2262 nec
409 2217 692 2263 considerate
727 2218 881 2263 minus
916 2233 999 2264 nec
1030 2218 1184 2264 minus
1217 2218 1371 2264 amice.
1441 2219 1566 2265 Nam

67 2298 266 2356 primum
302 2299 394 2344 fuit
425 2284 541 2345 illud
577 2300 794 2359 asperius,
823 2315 896 2346 me
921 2315 1037 2359 quae
1073 2300 1130 2346 de
1156 2300 1345 2346 Plancio
1369 2300 1564 2348 dicerem

66 2381 251 2426 mentiri
275 2384 322 2427 et
346 2382 565 2440 temporis
589 2398 726 2428 causa
750 2382 932 2441 fingere.
1008 2382 1192 2429 Scilicet
1225 2383 1362 2429 homo
1384 2384 1565 2443 sapiens

66 2463 333 2521 excogitavi,
362 2478 501 2522 quam
536 2464 595 2510 ob
630 2479 726 2510 rem
761 2464 942 2510 viderer
975 2465 1191 2511 maximis
1227 2466 1436 2512 beneficii
1467 2468 1564 2513 vin-

1 2555 6 2561 ·
67 2543 181 2590 culis
204 2543 467 2604 obstrictus,
489 2561 592 2591 curn
618 2545 735 2592 liber
759 2561 903 2592 essem
923 2550 971 2592 et
996 2546 1188 2596 solutus.
1265 2547 1386 2604 Quid
1410 2549 1564 2597 enim?

0 2642 44 2675 Ἰοε
67 2626 181 2672 mihi
215 2626 275 2672 ad
316 2627 654 2674 defendendum
691 2627 933 2674 Plancium
973 2644 1136 2688 parum
1174 2630 1361 2691 multae,
1399 2646 1561 2691 parum

66 2708 214 2754 iustae
234 2708 590 2755 necessitudines
609 2714 741 2756 erant
759 2710 1105 2772 familiaritatis,
1126 2713 1394 2772 vicinitatis,
1416 2715 1561 2774 patris

582 2862 620 2907 ff
