1846 2996
197 202 266 246 44.
639 202 700 246 M.
734 202 905 244 TULLI
937 203 1241 247 CICERONIS
1603 209 1693 250 §86

197 336 374 396 fuisses,
402 336 579 383 dictum
601 337 788 397 aliquod
811 339 858 384 in
889 339 1159 399 petitionem
1182 344 1316 387 tuam
1346 341 1437 387 dici
1459 342 1662 400 potuisse
1680 358 1694 400 3

199 433 271 464 me
317 418 364 464 id
410 419 674 478 perdidisse.
763 419 884 466 Uter
927 421 1072 480 igitur
1116 426 1325 468 nostrum
1373 427 1444 469 est
1489 424 1695 483 cupidior

199 499 343 548 dicti?
379 516 534 559 egone,
561 502 642 560 qui
665 502 789 561 quod
813 502 903 548 dici
927 503 1082 562 potuit
1104 519 1197 550 non
1220 504 1428 563 dixerim,
1452 519 1510 550 an
1525 509 1592 563 tu,
1614 506 1694 564 qui

199 583 340 628 etiam
363 583 460 642 ipse
494 583 543 628 in
567 587 614 629 te
638 583 839 631 dixeris?
906 583 971 630 Te
1003 585 1156 631 aiebas
1179 586 1236 632 de
1271 586 1366 632 tuis
1393 585 1530 632 rebus
1552 587 1695 646 gestis

178 664 348 709 nullas
372 664 554 711 litteras
582 666 772 724 misisse,
799 666 923 725 quod
956 666 1071 712 mihi
1099 682 1239 725 meae,
1265 682 1379 726 quas
1414 667 1472 713 ad
1494 667 1693 727 aliquem
1718 691 1737 721 5

200 746 437 804 misissem,
476 747 743 795 obfuissent.
818 747 943 805 Quas
979 764 1062 808 ego
1102 749 1219 795 mihi
1259 749 1459 796 obfuisse
1499 765 1590 796 non
1630 750 1695 795 in-

200 828 378 887 tellego,
407 829 472 874 rei
494 829 703 888 publicae
726 830 860 877 video
883 830 1095 890 prodesse
1119 831 1334 890 potuisse.
1369 893 1374 895 Π

199 1021 242 1068 ἕὲ
272 1021 428 1060 86-90.
476 1020 611 1061 Cicero
629 1022 811 1073 justifies
838 1023 905 1062 his
929 1023 1105 1062 hurried
1124 1024 1393 1063 withdrawal
1407 1025 1529 1075 from
1554 1025 1690 1064 Rome.

307 1086 371 1124 He
390 1086 476 1125 had
502 1087 667 1135 retiret&
692 1091 761 1126 ‘not
789 1087 948 1127 because
976 1088 1024 1127 he
1041 1089 1193 1139 feared
1215 1089 1349 1136 death,
1375 1088 1445 1127 but
1471 1089 1629 1128 because
1647 1089 1696 1128 he

307 1151 383 1190 did
397 1156 464 1191 not
482 1151 587 1191 wish
601 1155 640 1191 to
655 1153 811 1192 involve
831 1153 895 1192 the
914 1154 1026 1193 State
1044 1155 1094 1193 iu
1112 1154 1212 1193 civil
1229 1167 1320 1193 war
1330 1169 1349 1202 ;
1376 1154 1424 1192 he
1438 1154 1591 1193 wished
1609 1155 1695 1193 also

307 1220 344 1254 to
362 1217 451 1266 qive
476 1216 540 1255 the
558 1222 691 1257 senate
710 1218 798 1256 and
813 1218 948 1268 peopze
967 1231 1025 1257 au
1042 1219 1305 1269 opportunity
1323 1219 1372 1269 qf
1388 1218 1571 1269 showing]
1589 1218 1697 1258 their

307 1281 516 1331 qratitude
536 1282 585 1332 by
603 1283 804 1333 reeulliny
822 1283 913 1322 him
920 1284 1040 1334 from
1059 1284 1174 1323 exile.

121 1399 178 1445 86
284 1393 487 1441 XXXV.
529 1394 620 1440 Sed
644 1399 754 1441 sunt
787 1395 901 1442 haec
923 1396 1109 1455 leviora,
1137 1396 1219 1442 illa
1241 1411 1350 1442 vero
1373 1396 1533 1455 gravia
1555 1400 1696 1456 atque

200 1491 378 1535 magna,
407 1476 530 1535 quod
553 1491 707 1523 meum
732 1477 996 1538 discessum,
1022 1493 1162 1538 quem
1185 1493 1319 1538 saepe
1343 1478 1548 1537 defleras,
1575 1494 1696 1525 nunc

201 1558 331 1618 quasi
354 1557 682 1617 reprehendere
708 1563 756 1605 et
780 1559 1079 1607 subaccusare
1104 1560 1306 1607 voluisti.
1370 1560 1549 1606 Dixisti
1572 1561 1696 1607 enim
1719 1583 1761 1604 10

201 1656 291 1686 non
326 1639 550 1686 auxilium
582 1640 710 1700 mihi,
737 1641 819 1688 sed
854 1657 928 1688 me
963 1641 1136 1688 auxilio
1171 1641 1381 1689 defuisse.
1455 1641 1555 1701 Ego
1588 1657 1696 1688 vero

200 1723 349 1769 fateor
371 1737 456 1780 me,
480 1722 604 1782 quod
628 1723 823 1769 viderim
846 1723 962 1770 mihi
986 1724 1211 1770 auxilium
1229 1740 1320 1770 non
1339 1724 1508 1783 deesse,
1529 1724 1696 1771 idcirco

201 1820 273 1851 me
296 1805 366 1850 illi
389 1805 560 1851 auxilio
584 1806 851 1864 pepercisse.
927 1806 1020 1864 Qui
1043 1807 1167 1853 enim
1195 1810 1360 1866 status,
1388 1807 1512 1866 quod
1543 1807 1695 1854 discri-

201 1903 320 1946 men,
347 1903 463 1947 quae
486 1887 627 1934 fuerit
658 1888 708 1933 in
730 1903 779 1934 16
802 1887 987 1947 publica
1011 1892 1262 1947 tempestas
1286 1888 1367 1934 illa
1389 1889 1491 1948 quis
1515 1889 1662 1935 nescit
1681 1889 1697 1934 2

202 1969 491 2016 Tribunicius
514 1985 588 2016 me
612 1973 759 2016 terror
783 1986 842 2016 an
868 1970 1118 2017 consularis
1141 1970 1269 2016 furor
1291 1971 1438 2016 movit
1461 1972 1477 2015 ’.ἱ
1532 1970 1695 2016 Decer-
1720 1992 1759 2022 15

202 2057 299 2098 tare
334 2051 449 2098 mihi
482 2052 603 2098 ferro
638 2067 858 2111 magnum
887 2052 980 2098 fuit
1012 2068 1117 2098 cum
1151 2052 1357 2111 reliquiis
1385 2067 1555 2111 eorum,
1582 2068 1697 2112 quos

202 2150 284 2194 ego
306 2135 520 2180 florentes
543 2138 682 2194 atque
706 2135 910 2194 integros
933 2135 1032 2181 61116
1049 2135 1169 2181 ferro
1192 2135 1423 2181 viceram?
1475 2134 1695 2181 Consules

201 2221 305 2276 post
350 2216 590 2262 hominum
636 2217 905 2263 memoriam
947 2217 1203 2263 taeterrimi
1243 2221 1382 2276 atque
1423 2217 1691 2276 turpissimi,

201 2300 320 2345 sicut
347 2302 396 2345 et
424 2298 505 2345 illa
533 2299 760 2358 principia
792 2303 839 2346 et
872 2299 923 2345 hi
953 2302 1158 2345 recentes
1187 2313 1340 2344 rerum
1372 2299 1522 2344 exitus
1550 2298 1696 2344 decla-

202 2385 375 2440 rarunt,
408 2397 602 2440 quorum
634 2381 752 2428 alter
783 2382 1034 2438 exercitum
1068 2381 1283 2441 perdidit,
1317 2380 1434 2426 alter
1467 2380 1691 2440 vendidit,
1719 2401 1757 2426 ω

202 2464 368 2523 emptis
392 2463 651 2522 provinciis,
679 2479 707 2509 a
730 2467 906 2522 senatu,
934 2478 962 2508 a
984 2478 1032 2509 re
1055 2462 1251 2522 publica,
1279 2477 1307 2507 a
1329 2462 1461 2508 bonis
1485 2462 1696 2507 omnibus

202 2545 461 2592 defecerant
481 2563 495 2605 3
531 2546 610 2605 qui
635 2546 850 2604 exercitu,
873 2544 954 2604 qui
976 2544 1127 2602 armiS,
1155 2544 1236 2603 qui
1260 2544 1423 2602 opibus
1446 2543 1695 2603 plurimum

204 2631 428 2687 poterant,
456 2643 561 2675 cum
590 2627 702 2687 quid
726 2627 952 2673 sentirent
980 2626 1244 2684 nesciretur,
1272 2625 1451 2671 furialis
1485 2622 1567 2671 illa
1587 2641 1691 2684 vox,

207 2709 390 2755 nefariis
437 2709 610 2768 stupris
660 2708 882 2767 religiosis
932 2706 1157 2752 altaribus
1210 2706 1370 2752 inlatis
1416 2707 1691 2764 effeminata,
