1846 2996
57 1069 95 1090 10

58 1482 96 1512 15

57 1894 98 1916 20

59 2300 97 2330 25

61 2712 101 2742 30

118 177 207 217 §26
484 172 591 213 PRO
623 172 712 215 CN.
749 173 998 215 PLANCIO
1029 172 1241 214 ORATIO
1569 176 1619 214 13

117 305 363 353 dicendum
399 310 661 353 estz—non
698 307 820 352 enim
857 305 1034 365 opibus,
1063 321 1154 352 non
1189 306 1420 352 invidiosa
1453 307 1616 365 gratia,

117 403 207 434 non
223 388 433 447 potentia
448 388 528 434 vix
543 387 743 446 ferenda,
757 387 837 433 sed
853 388 1283 434 commemoratione
1298 387 1522 445 beneficii,
1541 388 1620 434 sed

115 468 438 528 misericordia,
478 468 558 515 sed
595 469 806 528 precibus
848 469 1024 528 aliquid
1060 469 1306 516 attulimus
1342 470 1484 516 etiam
1523 485 1617 516 nos.

116 550 362 610 Appellavi
397 550 618 610 populum
654 551 884 609 tributim,
913 551 1107 598 submisi
1143 567 1216 598 me
1252 556 1299 598 et
1335 551 1620 611 supplicavi:

116 633 239 680 ultro
262 648 335 679 me
360 632 542 679 hercule
560 647 608 679 se
628 632 742 678 mihi
761 633 902 679 etiam
927 634 1180 692 offerentes,
1203 634 1328 679 ultro
1352 633 1622 693 pollicentes

114 716 286 774 rogavi.
360 715 524 762 Valuit
562 730 699 762 causa
735 715 939 775 rogandi,
980 731 1070 762 non
1105 717 1268 775 gratia.
1342 716 1443 763 Nec
1478 717 1517 762 si
1551 717 1624 763 vir
1647 713 1704 759 25

116 798 441 857 amplissimus,
493 798 567 844 cui
613 797 732 844 nihil
784 803 855 845 est
903 799 1026 858 quod
1067 800 1251 858 roganti
1299 799 1484 845 concedi
1530 814 1623 845 non

116 883 215 929 iure
243 883 401 942 possit,
431 882 487 928 de
522 881 688 941 aliquo,
717 886 773 928 ut
808 882 935 940 dicis,
964 897 1054 928 non
1091 882 1372 942 impetravit,
1403 897 1485 941 ego
1520 897 1623 928 sum
1675 899 1677 901 ·

117 980 346 1024 arrogans,
369 964 491 1024 quod
517 979 588 1010 me
607 964 809 1011 valuisse
828 964 942 1011 dico.
1018 964 1142 1010 Nam
1167 968 1222 1011 ut
1247 965 1462 1011 omittam
1488 964 1619 1023 illud,

117 1047 240 1107 quod
278 1062 361 1106 ego
395 1062 478 1107 pro
515 1062 567 1093 eo
602 1046 882 1105 laborabam,
923 1047 1003 1106 qui
1038 1046 1225 1093 valebat
1261 1047 1358 1106 ipse
1394 1062 1474 1106 per
1509 1062 1619 1106 sese,

117 1131 293 1189 rogatio
333 1130 434 1189 ipsa
471 1144 649 1188 semper
687 1133 758 1176 est
805 1129 1149 1188 gratiosissima,
1195 1144 1312 1188 quae
1360 1133 1431 1176 est
1478 1130 1625 1175 officio

118 1212 469 1259 necessitudinis
511 1213 757 1258 coniuncta
797 1213 1009 1260 maxime.
1084 1212 1247 1271 Neque
1283 1212 1406 1259 enim
1442 1228 1524 1272 ego
1560 1213 1625 1259 sic

117 1295 348 1354 rogabam,
388 1299 442 1340 ut
477 1299 633 1354 petere
669 1294 862 1354 viderer,
899 1295 1009 1354 quia
1043 1294 1284 1340 familiaris
1319 1299 1442 1342 esset
1478 1310 1621 1353 meus,

118 1378 228 1437 quia
250 1378 441 1436 vicinus,
470 1378 580 1436 quia
611 1377 748 1423 huius
772 1381 963 1436 parente
995 1392 1174 1436 semper
1201 1377 1451 1436 plurimum
1477 1393 1624 1424 essem

118 1475 243 1519 usus,
270 1459 350 1506 sed
373 1463 428 1505 ut
452 1459 584 1518 quasi
615 1459 801 1519 parenti
829 1463 876 1506 et
906 1460 1087 1505 custodi
1111 1460 1276 1506 salutis
1301 1475 1442 1507 meae.
1515 1461 1626 1507 Non

117 1542 327 1602 potentia
350 1556 465 1600 mea,
493 1541 574 1588 sed
606 1547 744 1588 causa
779 1542 1032 1601 rogationis
1061 1542 1152 1588 fuit
1184 1543 1400 1602 gratiosa.
1474 1543 1625 1589 Nemo

118 1640 221 1671 mea
244 1625 538 1671 restitutione
562 1623 763 1670 laetatus
787 1628 871 1683 est,
900 1640 1034 1670 nemo
1059 1625 1226 1670 iniuria
1250 1624 1413 1683 doluit,
1436 1626 1510 1671 cui
1534 1640 1626 1671 non

119 1707 256 1753 huius
291 1707 340 1753 in
375 1722 447 1753 me
483 1707 794 1753 misericordia
829 1711 964 1766 grata
998 1707 1152 1753 fuerit.
1227 1707 1414 1753 Etenim
1443 1707 1483 1753 si
1517 1711 1625 1754 ante
1649 1707 1707 1754 26

119 1789 321 1836 reditum
356 1805 510 1835 meum
547 1788 631 1836 Gn.
670 1789 859 1835 Plancio
887 1804 935 1835 se
971 1788 1111 1848 vulgo
1134 1789 1223 1835 viri
1258 1789 1383 1845 boni,
1411 1804 1516 1835 cum
1551 1789 1625 1835 hic

119 1872 411 1918 tribunatum
446 1875 637 1931 peteret,
677 1871 802 1917 ultro
838 1871 1120 1918 offerebant:
1159 1871 1233 1917 cui
1267 1886 1434 1917 nomen
1470 1886 1626 1918 meum

120 1955 323 2002 absentis
364 1954 526 2000 honori
562 1954 740 2012 fuisset,
786 1954 828 2000 ei
869 1968 994 1999 meas
1036 1957 1300 2012 praesentes
1337 1968 1492 2013 preces
1533 1969 1624 1999 non

118 2041 255 2096 putas
309 2037 571 2096 profuisse?
656 2036 732 2082 An
784 2036 1130 2082 Minturnenses
1178 2035 1336 2094 coloni,
1388 2035 1511 2094 quod
1570 2035 1623 2084 O.

120 2118 321 2165 Marium
345 2134 370 2165 e
394 2119 519 2165 civili
541 2119 661 2165 ferro
685 2122 824 2178 atque
849 2134 904 2164 ex
927 2118 1081 2177 impiis
1105 2118 1317 2164 manibus
1342 2118 1622 2177 eripuerunt,

119 2202 242 2260 quod
283 2205 407 2248 tecto
444 2205 724 2261 receperunt,
758 2200 879 2260 quod
916 2200 1089 2246 fessum
1126 2200 1279 2246 inedia
1316 2200 1626 2259 fluctibusque

119 2288 394 2343 recrearunt,
434 2284 557 2342 quod
588 2284 811 2329 viaticum
850 2286 1187 2342 congesserunt,
1228 2283 1351 2341 quod
1388 2283 1627 2342 navigium

120 2365 358 2424 dederunt,
408 2365 532 2424 quod
585 2380 690 2411 eum
749 2365 1036 2423 linquentem
1097 2368 1268 2410 terram
1322 2379 1435 2423 eam,
1487 2380 1627 2424 quam

120 2451 339 2505 servarat,
388 2448 524 2506 votis,
581 2447 814 2493 ominibus
867 2447 1160 2506 lacrimisque
1217 2448 1448 2506 prosecuti
1501 2451 1624 2506 sunt,

121 2534 308 2576 aeterna
347 2530 395 2575 in
442 2529 578 2575 laude
623 2534 895 2576 versantur:
957 2528 1160 2588 Plancio,
1200 2529 1322 2588 quod
1359 2544 1432 2575 me
1466 2529 1542 2575 vel
1581 2531 1629 2576 vi

122 2610 306 2670 pulsum
330 2611 405 2658 vel
429 2612 605 2658 ratione
625 2611 860 2657 cedentem
886 2612 1119 2670 receperit,
1139 2612 1322 2669 iuverit,
1342 2612 1624 2670 custodierit,

123 2693 195 2739 his
237 2698 284 2739 et
325 2694 507 2740 senatui
554 2693 813 2753 populoque
856 2693 1077 2750 Romano,
1124 2698 1178 2738 ut
1220 2692 1443 2739 haberent
1490 2709 1628 2752 quem
