1846 2996
244 222 305 262 34⁷
687 220 744 260 M.
778 220 948 262 TULLI
979 220 1284 263 CICERONIS
1647 227 1666 265 ὅ
1685 226 1736 264 66

245 353 445 412 quidam,
482 354 613 412 quasi
649 354 727 413 qui
763 353 916 399 omnia
949 354 1116 400 sciret:
1157 353 1337 411 ‘Quid2
1371 357 1427 400 tu
1460 355 1634 413 nescis,'
1673 355 1737 400 in-

245 436 360 494 quit,
387 438 398 459 ‘
413 435 534 481 hunc
558 439 847 494 quaestorem
873 435 1110 493 Syracusis
1134 435 1276 482 fuisse
1295 436 1337 482 ‘l’
1407 436 1529 492 Quid
1553 437 1738 484 multa?

244 517 406 564 destiti
429 517 707 564 stomachari
742 521 790 564 et
821 532 894 564 me
919 532 1064 564 unum
1093 533 1150 564 ex
1180 518 1238 564 iis
1273 518 1371 577 feci,
1400 519 1480 577 qui
1508 518 1567 565 ad
1595 534 1738 579 aquas

245 601 491 647 venissent.

164 685 222 731 66
331 682 422 729 Sed
458 698 512 729 ea
534 698 619 742 res,
647 683 831 741 iudices,
858 682 985 730 haud
1019 684 1112 731 scio
1141 698 1202 730 an
1233 683 1338 743 plus
1360 683 1476 730 mihi
1498 684 1735 743 profuerit,
1762 709 1780 738 5
1844 719 1846 738 :

244 780 384 824 quam
408 765 448 810 si
472 764 587 810 mihi
611 769 713 811 tum
738 770 892 812 essent
916 781 1072 812 omnes
1095 765 1330 825 gratulati.
1404 765 1541 825 Nam,
1563 770 1740 826 postea·
1843 762 1846 772 ⁴

245 862 385 906 quam
408 848 531 893 sensi
554 847 711 907 populi
735 848 934 894 Romani
957 863 1088 894 aures
1112 848 1387 915 hebetiores,
1408 847 1560 894 oculos
1584 853 1740 895 autem

245 944 343 975 esse
383 944 509 976 acres
549 933 689 989 atque
729 934 900 988 acutos,
945 929 1118 988 destiti,
1163 929 1275 989 quid
1321 929 1378 976 de
1424 945 1498 976 me
1537 930 1740 977 audituri

246 1015 399 1058 essent
433 1011 654 1070 homines,
682 1012 910 1071 cogitare:
946 1011 1047 1071 feci,
1075 1015 1130 1057 ut
1161 1015 1320 1071 postea
1344 1012 1512 1058 cotidie
1535 1027 1740 1072 praesen-

247 1099 344 1140 tem
389 1109 463 1140 me
508 1094 747 1141 viderent:
807 1093 1018 1140 habitavi
1065 1093 1113 1139 in
1162 1093 1317 1152 oculiS‚
1366 1095 1510 1153 pressi
1561 1095 1830 1148 forumz10‚

247 1177 478 1222 neminem
523 1191 552 1222 a
597 1190 842 1236 congressu
886 1190 988 1222 meo
1029 1191 1176 1235 neque
1216 1177 1386 1222 ianitor
1425 1191 1554 1223 meus
1594 1192 1742 1236 neque

247 1273 434 1304 somnus
457 1257 722 1306 absterruit.
796 1257 975 1317 Ecquid
999 1273 1082 1318 ego
1110 1258 1259 1304 dicam
1292 1258 1349 1304 de
1373 1259 1605 1318 occupatis
1627 1259 1742 1305 meis

247 1340 546 1400 temporibus,
604 1340 678 1386 cui
740 1339 881 1386 fuerit
943 1355 1000 1386 ne
1064 1341 1211 1387 otium
1274 1340 1460 1400 quidem
1522 1355 1742 1399 umquam

247 1423 478 1469 otiosum?
546 1422 672 1469 Nam
706 1437 821 1482 quas
861 1426 916 1469 tu
951 1438 1289 1482 commemoras,
1331 1423 1474 1482 Cassi,
1512 1423 1660 1483 legere
1694 1426 1742 1469 te

247 1505 390 1551 solere
415 1505 655 1563 orationes,
678 1519 783 1550 cum
815 1505 990 1551 otiosus
1020 1505 1094 1563 sis,
1123 1504 1207 1551 has
1241 1519 1325 1564 ego
1356 1505 1515 1564 scripsi
1549 1504 1672 1551 ludis
1695 1508 1742 1551 et
1767 1529 1804 1559 ις

247 1587 384 1645 feriis,
429 1602 486 1634 ne
527 1586 712 1633 omnino
752 1602 957 1647 unquam
998 1601 1144 1633 essem
1185 1587 1369 1635 otiosus,
1443 1587 1631 1633 Etenim
1671 1586 1737 1635 M.

249 1669 440 1717 Catonis
462 1669 591 1728 illud,
614 1669 738 1729 quod
762 1669 810 1715 in
833 1669 1056 1729 principio
1074 1670 1257 1728 scripsit
1281 1669 1523 1728 Originum
1541 1684 1739 1726 suarum,

247 1767 425 1812 semper
471 1752 766 1811 magnificum
818 1756 866 1798 et
917 1751 1199 1811 praeclarum
1251 1752 1427 1811 putavi,
1482 1752 1743 1798 ‘clarorum

247 1834 459 1881 virorum
482 1842 618 1896 atque
642 1850 921 1896 maynorum
955 1850 1051 1880 non
1084 1820 1242 1880 'minus
1277 1833 1363 1880 otii
1398 1850 1539 1894 quam
1570 1835 1744 1895 neyotii

247 1916 479 1963 rationem
530 1923 706 1963 exstare
763 1916 998 1977 oportere)
1068 1915 1247 1975 Itaque,
1303 1917 1343 1962 si
1401 1931 1539 1975 quam
1597 1916 1743 1964 habeo
1766 1939 1808 1962 20

248 1998 444 2058 laudem,
494 2014 610 2059 quae
668 2004 843 2058 quanta
899 1999 961 2044 sit
1018 1998 1182 2056 nescio,
1233 2001 1366 2056 parta
1424 1998 1598 2045 Romae
1656 2003 1741 2058 est,

248 2082 460 2140 quaesita
486 2082 534 2127 in
569 2081 667 2127 foro
684 2099 698 2141 ;
732 2095 924 2140 meaque
948 2081 1130 2140 privata
1154 2080 1342 2126 consilia
1365 2081 1539 2139 publici
1562 2096 1743 2141 quoque

248 2178 380 2209 casus
404 2164 827 2222 comprobaverunt,
855 2166 910 2208 ut
946 2162 1087 2208 etiam
1118 2177 1300 2208 summa
1327 2177 1399 2208 res
1422 2163 1607 2222 publica
1628 2164 1744 2210 mihi

169 2251 227 2297 67
249 2245 375 2291 domi
409 2245 550 2291 fuerit
585 2245 783 2304 gerenda
813 2248 862 2291 et
896 2244 1006 2290 urbs
1040 2245 1088 2289 in
1123 2244 1236 2290 urbe
1260 2245 1494 2291 servanda.
1570 2245 1743 2292 Eadem

249 2327 404 2387 igitur,
452 2326 595 2385 Cassi,
638 2327 718 2373 via
763 2327 945 2373 munita
991 2326 1230 2372 Laterensi
1276 2330 1360 2385 est,
1410 2326 1532 2372 idem
1578 2328 1744 2373 virtuti
1767 2349 1787 2371 2

251 2425 409 2456 cursus
432 2410 492 2456 ad
516 2409 737 2469 gloriam:
774 2409 861 2455 hoc
891 2408 1070 2454 facilior
1103 2408 1309 2466 fortasse,
1337 2408 1459 2467 quod
1491 2423 1573 2468 ego
1604 2408 1694 2455 huc
1717 2424 1746 2455 a

251 2507 323 2538 me
347 2495 476 2538 ortus
500 2495 548 2538 et
582 2506 663 2551 per
694 2506 767 2537 me
799 2491 935 2536 nixus
967 2489 1196 2546 adscendi,
1220 2490 1357 2536 istius
1392 2490 1573 2550 egregia
1595 2490 1744 2537 virtus

251 2574 548 2621 adiuvabitur
570 2572 966 2620 commendatione
989 2571 1224 2618 maiorum.
