<?xml version="1.0" encoding="UTF-8"?>
<!DOCTYPE html PUBLIC "-//W3C//DTD XHTML 1.0 Transitional//EN"
    "http://www.w3.org/TR/xhtml1/DTD/xhtml1-transitional.dtd">
<html xmlns="http://www.w3.org/1999/xhtml" xml:lang="en" lang="en">
 <head>
  <title>
</title>
<meta http-equiv="Content-Type" content="text/html;charset=utf-8" />
  <meta name='ocr-system' content='tesseract 3.04.00' />
  <meta name='ocr-capabilities' content='ocr_page ocr_carea ocr_par ocr_line ocrx_word'/>
</head>
<body>
  <div class='ocr_page' id='page_1' title='image "./proplancioedited00ciceuoft_0134.png"; bbox 0 0 1846 2996; ppageno 0'>
   <div class='ocr_carea' id='block_1_1' title="bbox 190 179 1680 245">
    <p class='ocr_par' dir='ltr' id='par_1_1' title="bbox 190 179 1680 245">
     <span class='ocr_line' id='line_1_1' title="bbox 190 179 1680 245; baseline -0.003 -21"><span class='ocrx_word' id='word_1_1' title='bbox 190 185 270 245; x_wconf 13' lang='lat'>46&amp;</span> <span class='ocrx_word' id='word_1_2' title='bbox 632 181 690 222; x_wconf 92' lang='lat' dir='ltr'>M.</span> <span class='ocrx_word' id='word_1_3' title='bbox 725 180 895 222; x_wconf 87' lang='lat' dir='ltr'><strong>TULLI</strong></span> <span class='ocrx_word' id='word_1_4' title='bbox 926 179 1230 222; x_wconf 85' lang='lat' dir='ltr'>CICERONIS</span> <span class='ocrx_word' id='word_1_5' title='bbox 1591 183 1610 222; x_wconf 68' lang='lat'>5</span> <span class='ocrx_word' id='word_1_6' title='bbox 1629 181 1680 220; x_wconf 88' lang='grc'>89</span> 
     </span>
    </p>
   </div>
   <div class='ocr_carea' id='block_1_2' title="bbox 107 312 1750 2754">
    <p class='ocr_par' dir='ltr' id='par_1_2' title="bbox 107 312 1750 1935">
     <span class='ocr_line' id='line_1_2' title="bbox 107 312 1681 373; baseline -0.006 -7"><span class='ocrx_word' id='word_1_7' title='bbox 107 321 164 367; x_wconf 90' lang='grc'>89</span> <span class='ocrx_word' id='word_1_8' title='bbox 189 315 360 362; x_wconf 91' lang='lat' dir='ltr'>ultores</span> <span class='ocrx_word' id='word_1_9' title='bbox 405 315 636 362; x_wconf 89' lang='lat' dir='ltr'>videbam.</span> <span class='ocrx_word' id='word_1_10' title='bbox 732 314 872 360; x_wconf 80' lang='lat' dir='ltr'>Hisce</span> <span class='ocrx_word' id='word_1_11' title='bbox 914 328 997 373; x_wconf 84' lang='lat' dir='ltr'>ego</span> <span class='ocrx_word' id='word_1_12' title='bbox 1037 313 1224 360; x_wconf 79' lang='lat' dir='ltr'><strong>auxiliis</strong></span> <span class='ocrx_word' id='word_1_13' title='bbox 1264 312 1428 359; x_wconf 86' lang='lat' dir='ltr'>salutis</span> <span class='ocrx_word' id='word_1_14' title='bbox 1474 327 1602 358; x_wconf 91' lang='lat' dir='ltr'>meae</span> <span class='ocrx_word' id='word_1_15' title='bbox 1641 312 1681 357; x_wconf 92' lang='lat' dir='ltr'>si</span> 
     </span>
     <span class='ocr_line' id='line_1_3' title="bbox 189 394 1676 456; baseline -0.002 -13"><span class='ocrx_word' id='word_1_16' title='bbox 189 397 353 443; x_wconf 89' lang='lat' dir='ltr'>idcirco</span> <span class='ocrx_word' id='word_1_17' title='bbox 389 396 527 454; x_wconf 89' lang='lat' dir='ltr'>defui,</span> <span class='ocrx_word' id='word_1_18' title='bbox 556 396 665 456; x_wconf 86' lang='lat' dir='ltr'>quia</span> <span class='ocrx_word' id='word_1_19' title='bbox 699 395 827 441; x_wconf 93' lang='lat' dir='ltr'>nolui</span> <span class='ocrx_word' id='word_1_20' title='bbox 860 395 1089 454; x_wconf 91' lang='lat' dir='ltr'>dimicare,</span> <span class='ocrx_word' id='word_1_21' title='bbox 1125 394 1316 453; x_wconf 89' lang='lat' dir='ltr'>fatebor,</span> <span class='ocrx_word' id='word_1_22' title='bbox 1354 394 1402 440; x_wconf 91' lang='lat' dir='ltr'>id</span> <span class='ocrx_word' id='word_1_23' title='bbox 1437 394 1559 453; x_wconf 88' lang='lat' dir='ltr'>quod</span> <span class='ocrx_word' id='word_1_24' title='bbox 1592 394 1676 452; x_wconf 82' lang='lat' dir='ltr'>viS,</span> 
     </span>
     <span class='ocr_line' id='line_1_4' title="bbox 188 476 1676 537; baseline -0.001 -13"><span class='ocrx_word' id='word_1_25' title='bbox 188 494 278 525; x_wconf 92' lang='lat' dir='ltr'>non</span> <span class='ocrx_word' id='word_1_26' title='bbox 307 478 422 524; x_wconf 87' lang='lat' dir='ltr'>mihi</span> <span class='ocrx_word' id='word_1_27' title='bbox 456 477 694 537; x_wconf 84' lang='lat' dir='ltr'>auxilium,</span> <span class='ocrx_word' id='word_1_28' title='bbox 723 477 804 524; x_wconf 88' lang='lat' dir='ltr'>sed</span> <span class='ocrx_word' id='word_1_29' title='bbox 835 492 908 524; x_wconf 90' lang='lat' dir='ltr'>me</span> <span class='ocrx_word' id='word_1_30' title='bbox 933 477 1104 523; x_wconf 84' lang='lat' dir='ltr'>auxilio</span> <span class='ocrx_word' id='word_1_31' title='bbox 1136 476 1366 536; x_wconf 82' lang='lat' dir='ltr'>defuisse;</span> <span class='ocrx_word' id='word_1_32' title='bbox 1402 477 1472 522; x_wconf 89' lang='lat' dir='ltr'>sin</span> <span class='ocrx_word' id='word_1_33' title='bbox 1508 480 1676 534; x_wconf 90' lang='lat' dir='ltr'>autem,</span> 
     </span>
     <span class='ocr_line' id='line_1_5' title="bbox 187 557 1682 620; baseline -0.002 -14"><span class='ocrx_word' id='word_1_34' title='bbox 187 576 278 620; x_wconf 89' lang='lat' dir='ltr'>quo</span> <span class='ocrx_word' id='word_1_35' title='bbox 302 560 474 606; x_wconf 83' lang='lat' dir='ltr'>maiora</span> <span class='ocrx_word' id='word_1_36' title='bbox 497 559 653 606; x_wconf 85' lang='lat' dir='ltr'>studia</span> <span class='ocrx_word' id='word_1_37' title='bbox 686 559 736 605; x_wconf 91' lang='lat' dir='ltr'>in</span> <span class='ocrx_word' id='word_1_38' title='bbox 768 573 841 605; x_wconf 92' lang='lat' dir='ltr'>me</span> <span class='ocrx_word' id='word_1_39' title='bbox 865 558 1087 605; x_wconf 91' lang='lat' dir='ltr'>bonorum</span> <span class='ocrx_word' id='word_1_40' title='bbox 1115 559 1317 617; x_wconf 86' lang='lat' dir='ltr'>fuerunt,</span> <span class='ocrx_word' id='word_1_41' title='bbox 1345 557 1431 604; x_wconf 94' lang='lat' dir='ltr'>hoc</span> <span class='ocrx_word' id='word_1_42' title='bbox 1454 558 1511 604; x_wconf 89' lang='lat' dir='ltr'>iis</span> <span class='ocrx_word' id='word_1_43' title='bbox 1534 557 1682 616; x_wconf 83' lang='lat' dir='ltr'>magis</span> 
     </span>
     <span class='ocr_line' id='line_1_6' title="bbox 188 640 1723 700; baseline -0.002 -12"><span class='ocrx_word' id='word_1_44' title='bbox 188 640 517 689; x_wconf 88' lang='lat' dir='ltr'>consulendum</span> <span class='ocrx_word' id='word_1_45' title='bbox 541 646 588 688; x_wconf 92' lang='lat' dir='ltr'>et</span> <span class='ocrx_word' id='word_1_46' title='bbox 623 640 902 700; x_wconf 90' lang='lat' dir='ltr'>parcendum</span> <span class='ocrx_word' id='word_1_47' title='bbox 926 641 1103 700; x_wconf 86' lang='lat' dir='ltr'>putavi,</span> <span class='ocrx_word' id='word_1_48' title='bbox 1128 644 1182 687; x_wconf 95' lang='lat' dir='ltr'>tu</span> <span class='ocrx_word' id='word_1_49' title='bbox 1205 641 1252 686; x_wconf 90' lang='lat' dir='ltr'>id</span> <span class='ocrx_word' id='word_1_50' title='bbox 1277 641 1325 685; x_wconf 89' lang='lat' dir='ltr'>in</span> <span class='ocrx_word' id='word_1_51' title='bbox 1349 655 1422 686; x_wconf 92' lang='lat' dir='ltr'>me</span> <span class='ocrx_word' id='word_1_52' title='bbox 1446 640 1682 699; x_wconf 87' lang='lat' dir='ltr'>reprehen-</span> <span class='ocrx_word' id='word_1_53' title='bbox 1705 663 1723 693; x_wconf 83' lang='lat'>5</span> 
     </span>
     <span class='ocr_line' id='line_1_7' title="bbox 187 722 1683 783; baseline -0.002 -12"><span class='ocrx_word' id='word_1_54' title='bbox 187 725 270 783; x_wconf 92' lang='lat' dir='ltr'>dis,</span> <span class='ocrx_word' id='word_1_55' title='bbox 309 723 433 783; x_wconf 91' lang='lat' dir='ltr'>quod</span> <span class='ocrx_word' id='word_1_56' title='bbox 475 724 528 781; x_wconf 80' lang='lat' dir='ltr'>Q.</span> <span class='ocrx_word' id='word_1_57' title='bbox 567 723 760 770; x_wconf 91' lang='lat' dir='ltr'>Metello</span> <span class='ocrx_word' id='word_1_58' title='bbox 794 723 921 770; x_wconf 90' lang='lat' dir='ltr'>laudi</span> <span class='ocrx_word' id='word_1_59' title='bbox 961 723 1124 770; x_wconf 91' lang='lat' dir='ltr'>datum</span> <span class='ocrx_word' id='word_1_60' title='bbox 1159 728 1231 770; x_wconf 90' lang='lat' dir='ltr'>est</span> <span class='ocrx_word' id='word_1_61' title='bbox 1270 722 1495 781; x_wconf 85' lang='lat' dir='ltr'>hodieque</span> <span class='ocrx_word' id='word_1_62' title='bbox 1530 726 1600 768; x_wconf 88' lang='lat' dir='ltr'>est</span> <span class='ocrx_word' id='word_1_63' title='bbox 1635 726 1683 769; x_wconf 92' lang='lat' dir='ltr'>et</span> 
     </span>
     <span class='ocr_line' id='line_1_8' title="bbox 186 803 1683 866; baseline -0.002 -12"><span class='ocrx_word' id='word_1_64' title='bbox 186 822 365 866; x_wconf 80' lang='lat' dir='ltr'><strong>semper</strong></span> <span class='ocrx_word' id='word_1_65' title='bbox 400 807 488 852; x_wconf 89' lang='lat' dir='ltr'>erit</span> <span class='ocrx_word' id='word_1_66' title='bbox 522 806 749 852; x_wconf 84' lang='lat' dir='ltr'>maximae</span> <span class='ocrx_word' id='word_1_67' title='bbox 773 805 977 864; x_wconf 69' lang='lat' dir='ltr'>gloriae?</span> <span class='ocrx_word' id='word_1_68' title='bbox 1011 820 1162 865; x_wconf 91' lang='lat' dir='ltr'>quem,</span> <span class='ocrx_word' id='word_1_69' title='bbox 1187 808 1243 851; x_wconf 91' lang='lat' dir='ltr'>ut</span> <span class='ocrx_word' id='word_1_70' title='bbox 1277 809 1408 864; x_wconf 90' lang='lat' dir='ltr'>potes</span> <span class='ocrx_word' id='word_1_71' title='bbox 1433 819 1489 850; x_wconf 86' lang='lat' dir='ltr'>ex</span> <span class='ocrx_word' id='word_1_72' title='bbox 1522 803 1683 851; x_wconf 91' lang='lat' dir='ltr'>multis</span> 
     </span>
     <span class='ocr_line' id='line_1_9' title="bbox 187 887 1684 948; baseline -0.002 -13"><span class='ocrx_word' id='word_1_73' title='bbox 187 889 358 946; x_wconf 90' lang='lat' dir='ltr'>audire,</span> <span class='ocrx_word' id='word_1_74' title='bbox 381 889 461 948; x_wconf 88' lang='lat' dir='ltr'>qui</span> <span class='ocrx_word' id='word_1_75' title='bbox 485 892 585 935; x_wconf 91' lang='lat' dir='ltr'>tum</span> <span class='ocrx_word' id='word_1_76' title='bbox 610 887 871 944; x_wconf 88' lang='lat' dir='ltr'>adfuerunt,</span> <span class='ocrx_word' id='word_1_77' title='bbox 895 891 1078 934; x_wconf 89' lang='lat' dir='ltr'>constat</span> <span class='ocrx_word' id='word_1_78' title='bbox 1100 887 1393 933; x_wconf 75' lang='lat' dir='ltr'>invitissimis</span> <span class='ocrx_word' id='word_1_79' title='bbox 1416 887 1528 933; x_wconf 88' lang='lat' dir='ltr'>viris</span> <span class='ocrx_word' id='word_1_80' title='bbox 1551 887 1684 933; x_wconf 88' lang='lat' dir='ltr'>bonis</span> 
     </span>
     <span class='ocr_line' id='line_1_10' title="bbox 187 969 1684 1029; baseline -0.002 -12"><span class='ocrx_word' id='word_1_81' title='bbox 187 971 386 1027; x_wconf 79' lang='lat' dir='ltr'>cessisse,</span> <span class='ocrx_word' id='word_1_82' title='bbox 425 985 507 1017; x_wconf 94' lang='lat' dir='ltr'>nec</span> <span class='ocrx_word' id='word_1_83' title='bbox 546 970 687 1016; x_wconf 86' lang='lat' dir='ltr'>fuisse</span> <span class='ocrx_word' id='word_1_84' title='bbox 728 969 934 1028; x_wconf 90' lang='lat' dir='ltr'>dubium,</span> <span class='ocrx_word' id='word_1_85' title='bbox 973 970 1087 1029; x_wconf 87' lang='lat' dir='ltr'>quin</span> <span class='ocrx_word' id='word_1_86' title='bbox 1127 969 1422 1016; x_wconf 80' lang='lat' dir='ltr'>contentione</span> <span class='ocrx_word' id='word_1_87' title='bbox 1457 973 1504 1015; x_wconf 92' lang='lat' dir='ltr'>et</span> <span class='ocrx_word' id='word_1_88' title='bbox 1543 969 1684 1015; x_wconf 90' lang='lat' dir='ltr'>armis</span> 
     </span>
     <span class='ocr_line' id='line_1_11' title="bbox 187 1051 1746 1112; baseline -0.002 -13"><span class='ocrx_word' id='word_1_89' title='bbox 187 1053 392 1112; x_wconf 90' lang='lat' dir='ltr'>superior</span> <span class='ocrx_word' id='word_1_90' title='bbox 425 1056 580 1111; x_wconf 88' lang='lat' dir='ltr'>posset</span> <span class='ocrx_word' id='word_1_91' title='bbox 615 1067 724 1098; x_wconf 88' lang='lat' dir='ltr'>esse.</span> <span class='ocrx_word' id='word_1_92' title='bbox 799 1051 921 1111; x_wconf 85' lang='lat' dir='ltr'>Ergo</span> <span class='ocrx_word' id='word_1_93' title='bbox 952 1051 1030 1098; x_wconf 93' lang='lat' dir='ltr'>ille</span> <span class='ocrx_word' id='word_1_94' title='bbox 1055 1067 1160 1098; x_wconf 92' lang='lat' dir='ltr'>cum</span> <span class='ocrx_word' id='word_1_95' title='bbox 1194 1067 1345 1108; x_wconf 87' lang='lat' dir='ltr'>suum,</span> <span class='ocrx_word' id='word_1_96' title='bbox 1368 1066 1459 1097; x_wconf 92' lang='lat' dir='ltr'>non</span> <span class='ocrx_word' id='word_1_97' title='bbox 1494 1055 1683 1098; x_wconf 88' lang='lat' dir='ltr'>senatus</span> <span class='ocrx_word' id='word_1_98' title='bbox 1708 1075 1746 1096; x_wconf 86' lang='lat'>10</span> 
     </span>
     <span class='ocr_line' id='line_1_12' title="bbox 188 1134 1681 1194; baseline -0.001 -14"><span class='ocrx_word' id='word_1_99' title='bbox 188 1135 364 1182; x_wconf 90' lang='lat' dir='ltr'>factum</span> <span class='ocrx_word' id='word_1_100' title='bbox 399 1134 677 1193; x_wconf 89' lang='lat' dir='ltr'>defenderet,</span> <span class='ocrx_word' id='word_1_101' title='bbox 710 1149 815 1181; x_wconf 92' lang='lat' dir='ltr'>cum</span> <span class='ocrx_word' id='word_1_102' title='bbox 849 1134 1238 1194; x_wconf 87' lang='lat' dir='ltr'>perseverantiam</span> <span class='ocrx_word' id='word_1_103' title='bbox 1273 1134 1528 1180; x_wconf 89' lang='lat' dir='ltr'>sententiae</span> <span class='ocrx_word' id='word_1_104' title='bbox 1559 1148 1681 1190; x_wconf 86' lang='lat' dir='ltr'>suae,</span> 
     </span>
     <span class='ocr_line' id='line_1_13' title="bbox 189 1201 1684 1276; baseline -0.002 -12"><span class='ocrx_word' id='word_1_105' title='bbox 189 1233 280 1264; x_wconf 91' lang='lat' dir='ltr'>non</span> <span class='ocrx_word' id='word_1_106' title='bbox 321 1217 522 1264; x_wconf 90' lang='lat' dir='ltr'>salutem</span> <span class='ocrx_word' id='word_1_107' title='bbox 561 1217 628 1264; x_wconf 89' lang='lat' dir='ltr'>rei</span> <span class='ocrx_word' id='word_1_108' title='bbox 673 1216 883 1276; x_wconf 90' lang='lat' dir='ltr'>publicae</span> <span class='ocrx_word' id='word_1_109' title='bbox 923 1201 1202 1274; x_wconf 81' lang='lat' dir='ltr'>retinuisset,</span> <span class='ocrx_word' id='word_1_110' title='bbox 1247 1220 1403 1262; x_wconf 90' lang='lat' dir='ltr'>tamen</span> <span class='ocrx_word' id='word_1_111' title='bbox 1451 1215 1510 1262; x_wconf 91' lang='lat' dir='ltr'>ob</span> <span class='ocrx_word' id='word_1_112' title='bbox 1555 1215 1684 1261; x_wconf 87' lang='lat' dir='ltr'>illam</span> 
     </span>
     <span class='ocr_line' id='line_1_14' title="bbox 189 1297 1680 1358; baseline -0.001 -12"><span class='ocrx_word' id='word_1_113' title='bbox 189 1300 510 1358; x_wconf 89' lang='lat' dir='ltr'>constantiam,</span> <span class='ocrx_word' id='word_1_114' title='bbox 571 1314 663 1358; x_wconf 90' lang='lat' dir='ltr'>qua</span> <span class='ocrx_word' id='word_1_115' title='bbox 719 1298 836 1345; x_wconf 93' lang='lat' dir='ltr'>illud</span> <span class='ocrx_word' id='word_1_116' title='bbox 892 1297 1208 1345; x_wconf 87' lang='lat' dir='ltr'>voluntarium</span> <span class='ocrx_word' id='word_1_117' title='bbox 1265 1298 1435 1345; x_wconf 88' lang='lat' dir='ltr'>vulnus</span> <span class='ocrx_word' id='word_1_118' title='bbox 1493 1299 1680 1357; x_wconf 87' lang='lat' dir='ltr'>accepit,</span> 
     </span>
     <span class='ocr_line' id='line_1_15' title="bbox 190 1379 1685 1439; baseline -0.001 -12"><span class='ocrx_word' id='word_1_119' title='bbox 190 1383 466 1429; x_wconf 87' lang='lat' dir='ltr'>iustissimos</span> <span class='ocrx_word' id='word_1_120' title='bbox 490 1381 695 1427; x_wconf 90' lang='lat' dir='ltr'>omnium</span> <span class='ocrx_word' id='word_1_121' title='bbox 720 1379 1016 1427; x_wconf 91' lang='lat' dir='ltr'>Metellorum</span> <span class='ocrx_word' id='word_1_122' title='bbox 1040 1383 1088 1426; x_wconf 90' lang='lat' dir='ltr'>et</span> <span class='ocrx_word' id='word_1_123' title='bbox 1119 1379 1396 1426; x_wconf 87' lang='lat' dir='ltr'>clarissimos</span> <span class='ocrx_word' id='word_1_124' title='bbox 1426 1380 1685 1439; x_wconf 87' lang='lat' dir='ltr'>triumphos</span> 
     </span>
     <span class='ocr_line' id='line_1_16' title="bbox 188 1462 1748 1524; baseline -0.003 -13"><span class='ocrx_word' id='word_1_125' title='bbox 188 1464 333 1524; x_wconf 81' lang='lat' dir='ltr'>gloria</span> <span class='ocrx_word' id='word_1_126' title='bbox 367 1468 415 1511; x_wconf 89' lang='lat' dir='ltr'>et</span> <span class='ocrx_word' id='word_1_127' title='bbox 449 1463 585 1511; x_wconf 91' lang='lat' dir='ltr'>laude</span> <span class='ocrx_word' id='word_1_128' title='bbox 619 1463 868 1523; x_wconf 86' lang='lat' dir='ltr'>superavit,</span> <span class='ocrx_word' id='word_1_129' title='bbox 908 1462 1029 1522; x_wconf 92' lang='lat' dir='ltr'>quod</span> <span class='ocrx_word' id='word_1_130' title='bbox 1064 1466 1112 1509; x_wconf 91' lang='lat' dir='ltr'>et</span> <span class='ocrx_word' id='word_1_131' title='bbox 1148 1462 1252 1509; x_wconf 93' lang='lat' dir='ltr'>illos</span> <span class='ocrx_word' id='word_1_132' title='bbox 1291 1463 1414 1522; x_wconf 88' lang='lat' dir='ltr'>ipsos</span> <span class='ocrx_word' id='word_1_133' title='bbox 1447 1462 1685 1522; x_wconf 87' lang='lat' dir='ltr'>improbis-</span> <span class='ocrx_word' id='word_1_134' title='bbox 1710 1477 1748 1507; x_wconf 83' lang='lat'>15</span> 
     </span>
     <span class='ocr_line' id='line_1_17' title="bbox 189 1544 1684 1604; baseline -0.002 -11"><span class='ocrx_word' id='word_1_135' title='bbox 189 1548 328 1593; x_wconf 87' lang='lat' dir='ltr'>simos</span> <span class='ocrx_word' id='word_1_136' title='bbox 353 1547 474 1593; x_wconf 87' lang='lat' dir='ltr'>cives</span> <span class='ocrx_word' id='word_1_137' title='bbox 498 1545 694 1592; x_wconf 90' lang='lat' dir='ltr'>interfici</span> <span class='ocrx_word' id='word_1_138' title='bbox 718 1545 880 1604; x_wconf 83' lang='lat' dir='ltr'>noluit,</span> <span class='ocrx_word' id='word_1_139' title='bbox 908 1549 957 1591; x_wconf 92' lang='lat' dir='ltr'>et</span> <span class='ocrx_word' id='word_1_140' title='bbox 992 1560 1050 1591; x_wconf 91' lang='lat' dir='ltr'>ne</span> <span class='ocrx_word' id='word_1_141' title='bbox 1078 1545 1183 1604; x_wconf 92' lang='lat' dir='ltr'>quis</span> <span class='ocrx_word' id='word_1_142' title='bbox 1211 1545 1359 1591; x_wconf 89' lang='lat' dir='ltr'>bonus</span> <span class='ocrx_word' id='word_1_143' title='bbox 1395 1544 1606 1591; x_wconf 91' lang='lat' dir='ltr'>interiret</span> <span class='ocrx_word' id='word_1_144' title='bbox 1636 1545 1684 1590; x_wconf 90' lang='lat' dir='ltr'>in</span> 
     </span>
     <span class='ocr_line' id='line_1_18' title="bbox 190 1625 1685 1688; baseline -0.003 -12"><span class='ocrx_word' id='word_1_145' title='bbox 190 1629 349 1675; x_wconf 88' lang='lat' dir='ltr'>eadem</span> <span class='ocrx_word' id='word_1_146' title='bbox 373 1628 508 1675; x_wconf 89' lang='lat' dir='ltr'>caede</span> <span class='ocrx_word' id='word_1_147' title='bbox 531 1627 758 1688; x_wconf 77' lang='lat' dir='ltr'>providit3</span> <span class='ocrx_word' id='word_1_148' title='bbox 787 1642 870 1686; x_wconf 86' lang='lat' dir='ltr'>ego</span> <span class='ocrx_word' id='word_1_149' title='bbox 894 1627 1040 1673; x_wconf 90' lang='lat' dir='ltr'>tantis</span> <span class='ocrx_word' id='word_1_150' title='bbox 1062 1625 1276 1686; x_wconf 84' lang='lat' dir='ltr'>periculis</span> <span class='ocrx_word' id='word_1_151' title='bbox 1299 1626 1543 1686; x_wconf 88' lang='lat' dir='ltr'>propositis</span> <span class='ocrx_word' id='word_1_152' title='bbox 1568 1641 1685 1682; x_wconf 91' lang='lat' dir='ltr'>cum,</span> 
     </span>
     <span class='ocr_line' id='line_1_19' title="bbox 190 1707 1687 1769; baseline -0.002 -12"><span class='ocrx_word' id='word_1_153' title='bbox 190 1712 229 1757; x_wconf 90' lang='lat' dir='ltr'>si</span> <span class='ocrx_word' id='word_1_154' title='bbox 252 1711 404 1757; x_wconf 90' lang='lat' dir='ltr'>victus</span> <span class='ocrx_word' id='word_1_155' title='bbox 429 1725 588 1768; x_wconf 88' lang='lat' dir='ltr'>essem,</span> <span class='ocrx_word' id='word_1_156' title='bbox 616 1710 831 1756; x_wconf 89' lang='lat' dir='ltr'>interitus</span> <span class='ocrx_word' id='word_1_157' title='bbox 855 1710 921 1755; x_wconf 92' lang='lat' dir='ltr'>rei</span> <span class='ocrx_word' id='word_1_158' title='bbox 943 1708 1166 1769; x_wconf 87' lang='lat' dir='ltr'>publicae,</span> <span class='ocrx_word' id='word_1_159' title='bbox 1188 1709 1228 1755; x_wconf 88' lang='lat' dir='ltr'>si</span> <span class='ocrx_word' id='word_1_160' title='bbox 1251 1709 1476 1766; x_wconf 89' lang='lat' dir='ltr'>vicissem,</span> <span class='ocrx_word' id='word_1_161' title='bbox 1504 1707 1687 1754; x_wconf 91' lang='lat' dir='ltr'>infinita</span> 
     </span>
     <span class='ocr_line' id='line_1_20' title="bbox 190 1790 1687 1852; baseline -0.002 -13"><span class='ocrx_word' id='word_1_162' title='bbox 190 1794 426 1839; x_wconf 85' lang='lat' dir='ltr'>dimicatio</span> <span class='ocrx_word' id='word_1_163' title='bbox 466 1796 717 1852; x_wconf 87' lang='lat' dir='ltr'>pararetur,</span> <span class='ocrx_word' id='word_1_164' title='bbox 756 1791 1090 1837; x_wconf 82' lang='lat' dir='ltr'>committerem</span> <span class='ocrx_word' id='word_1_165' title='bbox 1125 1794 1180 1836; x_wconf 93' lang='lat' dir='ltr'>ut</span> <span class='ocrx_word' id='word_1_166' title='bbox 1219 1790 1342 1837; x_wconf 92' lang='lat' dir='ltr'>idem</span> <span class='ocrx_word' id='word_1_167' title='bbox 1377 1790 1581 1850; x_wconf 90' lang='lat' dir='ltr'>perditor</span> <span class='ocrx_word' id='word_1_168' title='bbox 1620 1790 1687 1836; x_wconf 90' lang='lat' dir='ltr'>rei</span> 
     </span>
     <span class='ocr_line' id='line_1_21' title="bbox 191 1872 1750 1935; baseline -0.003 -14"><span class='ocrx_word' id='word_1_169' title='bbox 191 1875 399 1935; x_wconf 86' lang='lat' dir='ltr'>publicae</span> <span class='ocrx_word' id='word_1_170' title='bbox 423 1875 693 1931; x_wconf 86' lang='lat' dir='ltr'>nominarer,</span> <span class='ocrx_word' id='word_1_171' title='bbox 720 1874 801 1933; x_wconf 86' lang='lat' dir='ltr'>qui</span> <span class='ocrx_word' id='word_1_172' title='bbox 818 1876 1026 1919; x_wconf 86' lang='lat' dir='ltr'>servator</span> <span class='ocrx_word' id='word_1_173' title='bbox 1047 1872 1237 1919; x_wconf 89' lang='lat' dir='ltr'>fuissem</span> <span class='ocrx_word' id='word_1_174' title='bbox 1256 1874 1284 1918; x_wconf 74' lang='lat'>2·</span> <span class='ocrx_word' id='word_1_175' title='bbox 1709 1895 1750 1917; x_wconf 88' lang='lat'>20</span> 
     </span>
    </p>

    <p class='ocr_par' dir='ltr' id='par_1_3' title="bbox 112 1954 1748 2670">
     <span class='ocr_line' id='line_1_22' title="bbox 112 1954 1685 2014; baseline -0.002 -11"><span class='ocrx_word' id='word_1_176' title='bbox 112 1966 169 2011; x_wconf 84' lang='lat'>90</span> <span class='ocrx_word' id='word_1_177' title='bbox 275 1957 532 2004; x_wconf 91' lang='lat' dir='ltr'><strong>XXXVII.</strong></span> <span class='ocrx_word' id='word_1_178' title='bbox 574 1956 778 2002; x_wconf 88' lang='lat' dir='ltr'>Mortem</span> <span class='ocrx_word' id='word_1_179' title='bbox 809 1969 882 2001; x_wconf 95' lang='lat' dir='ltr'>me</span> <span class='ocrx_word' id='word_1_180' title='bbox 914 1955 1124 2001; x_wconf 88' lang='lat' dir='ltr'>timuisse</span> <span class='ocrx_word' id='word_1_181' title='bbox 1155 1954 1455 2014; x_wconf 74' lang='lat' dir='ltr'>dicis—Ego</span> <span class='ocrx_word' id='word_1_182' title='bbox 1489 1969 1597 2001; x_wconf 88' lang='lat' dir='ltr'>vero</span> <span class='ocrx_word' id='word_1_183' title='bbox 1622 1968 1685 2000; x_wconf 66' lang='lat' dir='ltr'>‘ne</span> 
     </span>
     <span class='ocr_line' id='line_1_23' title="bbox 191 2036 1686 2097; baseline -0.002 -12"><span class='ocrx_word' id='word_1_184' title='bbox 191 2038 590 2085; x_wconf 89' lang='lat' dir='ltr'>immortalitatem</span> <span class='ocrx_word' id='word_1_185' title='bbox 614 2037 800 2097; x_wconf 90' lang='lat' dir='ltr'>quidem</span> <span class='ocrx_word' id='word_1_186' title='bbox 824 2040 984 2083; x_wconf 91' lang='lat' dir='ltr'>contra</span> <span class='ocrx_word' id='word_1_187' title='bbox 1005 2051 1102 2083; x_wconf 91' lang='lat' dir='ltr'>rem</span> <span class='ocrx_word' id='word_1_188' title='bbox 1126 2036 1358 2096; x_wconf 89' lang='lat' dir='ltr'>publicam</span> <span class='ocrx_word' id='word_1_189' title='bbox 1375 2036 1686 2096; x_wconf 90' lang='lat' dir='ltr'>accipiendam</span> 
     </span>
     <span class='ocr_line' id='line_1_24' title="bbox 190 2118 1681 2181; baseline -0.003 -13"><span class='ocrx_word' id='word_1_190' title='bbox 190 2125 414 2181; x_wconf 90' lang='lat' dir='ltr'>putarem,</span> <span class='ocrx_word' id='word_1_191' title='bbox 442 2121 614 2167; x_wconf 92' lang='lat' dir='ltr'>nedum</span> <span class='ocrx_word' id='word_1_192' title='bbox 638 2120 780 2166; x_wconf 90' lang='lat' dir='ltr'>emori</span> <span class='ocrx_word' id='word_1_193' title='bbox 804 2135 908 2166; x_wconf 92' lang='lat' dir='ltr'>cum</span> <span class='ocrx_word' id='word_1_194' title='bbox 935 2119 1136 2179; x_wconf 89' lang='lat' dir='ltr'>pernicie</span> <span class='ocrx_word' id='word_1_195' title='bbox 1158 2119 1223 2165; x_wconf 89' lang='lat' dir='ltr'>rei</span> <span class='ocrx_word' id='word_1_196' title='bbox 1259 2119 1468 2178; x_wconf 90' lang='lat' dir='ltr'>publicae</span> <span class='ocrx_word' id='word_1_197' title='bbox 1502 2118 1681 2165; x_wconf 85' lang='lat' dir='ltr'>vellem.</span> 
     </span>
     <span class='ocr_line' id='line_1_25' title="bbox 191 2200 1685 2262; baseline -0.002 -13"><span class='ocrx_word' id='word_1_198' title='bbox 191 2203 316 2249; x_wconf 91' lang='lat' dir='ltr'>Nam</span> <span class='ocrx_word' id='word_1_199' title='bbox 362 2203 443 2262; x_wconf 88' lang='lat' dir='ltr'>qui</span> <span class='ocrx_word' id='word_1_200' title='bbox 489 2217 571 2262; x_wconf 94' lang='lat' dir='ltr'>pro</span> <span class='ocrx_word' id='word_1_201' title='bbox 617 2217 666 2249; x_wconf 94' lang='lat' dir='ltr'>re</span> <span class='ocrx_word' id='word_1_202' title='bbox 713 2201 898 2262; x_wconf 87' lang='lat' dir='ltr'>publica</span> <span class='ocrx_word' id='word_1_203' title='bbox 943 2202 1090 2247; x_wconf 86' lang='lat' dir='ltr'>vitam</span> <span class='ocrx_word' id='word_1_204' title='bbox 1132 2200 1567 2247; x_wconf 87' lang='lat' dir='ltr'>ediderunt—licet</span> <span class='ocrx_word' id='word_1_205' title='bbox 1612 2215 1685 2246; x_wconf 91' lang='lat' dir='ltr'>me</span> 
     </span>
     <span class='ocr_line' id='line_1_26' title="bbox 191 2282 1748 2344; baseline -0.002 -13"><span class='ocrx_word' id='word_1_206' title='bbox 191 2285 395 2344; x_wconf 87' lang='lat' dir='ltr'>desipere</span> <span class='ocrx_word' id='word_1_207' title='bbox 448 2284 614 2330; x_wconf 89' lang='lat' dir='ltr'>dicatis</span> <span class='ocrx_word' id='word_1_208' title='bbox 634 2313 701 2318; x_wconf 97' lang='lat'><strong>—</strong></span> <span class='ocrx_word' id='word_1_209' title='bbox 718 2299 956 2343; x_wconf 91' lang='lat' dir='ltr'>nunquam</span> <span class='ocrx_word' id='word_1_210' title='bbox 1008 2298 1082 2329; x_wconf 93' lang='lat' dir='ltr'>me</span> <span class='ocrx_word' id='word_1_211' title='bbox 1138 2282 1322 2329; x_wconf 89' lang='lat' dir='ltr'>hercule</span> <span class='ocrx_word' id='word_1_212' title='bbox 1367 2298 1444 2329; x_wconf 90' lang='lat' dir='ltr'>eos</span> <span class='ocrx_word' id='word_1_213' title='bbox 1490 2286 1684 2329; x_wconf 89' lang='lat' dir='ltr'>mortem</span> <span class='ocrx_word' id='word_1_214' title='bbox 1709 2305 1748 2335; x_wconf 86' lang='lat'>25</span> 
     </span>
     <span class='ocr_line' id='line_1_27' title="bbox 191 2365 1685 2426; baseline -0.002 -13"><span class='ocrx_word' id='word_1_215' title='bbox 191 2368 344 2426; x_wconf 89' lang='lat' dir='ltr'>potius</span> <span class='ocrx_word' id='word_1_216' title='bbox 368 2382 508 2426; x_wconf 91' lang='lat' dir='ltr'>quam</span> <span class='ocrx_word' id='word_1_217' title='bbox 531 2365 933 2412; x_wconf 89' lang='lat' dir='ltr'>immortalitatem</span> <span class='ocrx_word' id='word_1_218' title='bbox 955 2365 1196 2411; x_wconf 86' lang='lat' dir='ltr'>adsecutos</span> <span class='ocrx_word' id='word_1_219' title='bbox 1219 2365 1394 2424; x_wconf 87' lang='lat' dir='ltr'>putavi.</span> <span class='ocrx_word' id='word_1_220' title='bbox 1456 2365 1554 2424; x_wconf 89' lang='lat' dir='ltr'>Ego</span> <span class='ocrx_word' id='word_1_221' title='bbox 1577 2379 1685 2410; x_wconf 87' lang='lat' dir='ltr'>vero</span> 
     </span>
     <span class='ocr_line' id='line_1_28' title="bbox 191 2447 1684 2508; baseline -0.003 -12"><span class='ocrx_word' id='word_1_222' title='bbox 191 2450 232 2495; x_wconf 90' lang='lat' dir='ltr'>si</span> <span class='ocrx_word' id='word_1_223' title='bbox 267 2454 369 2496; x_wconf 92' lang='lat' dir='ltr'>tum</span> <span class='ocrx_word' id='word_1_224' title='bbox 404 2448 588 2495; x_wconf 88' lang='lat' dir='ltr'>illorum</span> <span class='ocrx_word' id='word_1_225' title='bbox 623 2448 870 2508; x_wconf 89' lang='lat' dir='ltr'>impiorum</span> <span class='ocrx_word' id='word_1_226' title='bbox 905 2448 1024 2494; x_wconf 89' lang='lat' dir='ltr'>ferro</span> <span class='ocrx_word' id='word_1_227' title='bbox 1053 2462 1107 2493; x_wconf 88' lang='lat' dir='ltr'>ac</span> <span class='ocrx_word' id='word_1_228' title='bbox 1134 2462 1275 2493; x_wconf 87' lang='lat' dir='ltr'>manu</span> <span class='ocrx_word' id='word_1_229' title='bbox 1298 2447 1608 2505; x_wconf 90' lang='lat' dir='ltr'>concidissem,</span> <span class='ocrx_word' id='word_1_230' title='bbox 1635 2447 1684 2492; x_wconf 91' lang='lat' dir='ltr'>in</span> 
     </span>
     <span class='ocr_line' id='line_1_29' title="bbox 191 2529 1685 2591; baseline -0.003 -13"><span class='ocrx_word' id='word_1_231' title='bbox 191 2535 465 2591; x_wconf 88' lang='lat' dir='ltr'>perpetuum</span> <span class='ocrx_word' id='word_1_232' title='bbox 489 2546 561 2577; x_wconf 90' lang='lat' dir='ltr'>res</span> <span class='ocrx_word' id='word_1_233' title='bbox 596 2530 781 2590; x_wconf 90' lang='lat' dir='ltr'>publica</span> <span class='ocrx_word' id='word_1_234' title='bbox 804 2529 938 2576; x_wconf 90' lang='lat' dir='ltr'>civile</span> <span class='ocrx_word' id='word_1_235' title='bbox 961 2529 1241 2589; x_wconf 88' lang='lat' dir='ltr'>praesidium</span> <span class='ocrx_word' id='word_1_236' title='bbox 1268 2529 1433 2575; x_wconf 85' lang='lat' dir='ltr'>salutis</span> <span class='ocrx_word' id='word_1_237' title='bbox 1456 2544 1565 2575; x_wconf 88' lang='lat' dir='ltr'>suae</span> <span class='ocrx_word' id='word_1_238' title='bbox 1587 2543 1685 2588; x_wconf 88' lang='lat' dir='ltr'>per-</span> 
     </span>
     <span class='ocr_line' id='line_1_30' title="bbox 191 2611 1686 2670; baseline -0.001 -12"><span class='ocrx_word' id='word_1_239' title='bbox 191 2613 396 2660; x_wconf 87' lang='lat' dir='ltr'>didisset.</span> <span class='ocrx_word' id='word_1_240' title='bbox 472 2613 592 2670; x_wconf 76' lang='lat' dir='ltr'>Quin</span> <span class='ocrx_word' id='word_1_241' title='bbox 619 2613 759 2659; x_wconf 91' lang='lat' dir='ltr'>etiam</span> <span class='ocrx_word' id='word_1_242' title='bbox 783 2612 823 2658; x_wconf 86' lang='lat' dir='ltr'>si</span> <span class='ocrx_word' id='word_1_243' title='bbox 855 2627 929 2658; x_wconf 91' lang='lat' dir='ltr'>me</span> <span class='ocrx_word' id='word_1_244' title='bbox 951 2612 1024 2658; x_wconf 90' lang='lat' dir='ltr'>vis</span> <span class='ocrx_word' id='word_1_245' title='bbox 1047 2611 1203 2670; x_wconf 87' lang='lat' dir='ltr'>aliqua</span> <span class='ocrx_word' id='word_1_246' title='bbox 1225 2611 1375 2657; x_wconf 91' lang='lat' dir='ltr'>morbi</span> <span class='ocrx_word' id='word_1_247' title='bbox 1405 2615 1488 2657; x_wconf 93' lang='lat' dir='ltr'>aut</span> <span class='ocrx_word' id='word_1_248' title='bbox 1517 2615 1686 2657; x_wconf 86' lang='lat' dir='ltr'>natura</span> 
     </span>
    </p>

    <p class='ocr_par' dir='ltr' id='par_1_4' title="bbox 117 2693 1750 2754">
     <span class='ocr_line' id='line_1_31' title="bbox 117 2693 1750 2754; baseline -0.002 -13"><span class='ocrx_word' id='word_1_249' title='bbox 117 2718 120 2721; x_wconf 94' lang='lat'>·</span> <span class='ocrx_word' id='word_1_250' title='bbox 192 2695 292 2754; x_wconf 87' lang='lat' dir='ltr'>ipsa</span> <span class='ocrx_word' id='word_1_251' title='bbox 337 2695 706 2754; x_wconf 89' lang='lat' dir='ltr'>consumpsisset,</span> <span class='ocrx_word' id='word_1_252' title='bbox 759 2698 915 2740; x_wconf 92' lang='lat' dir='ltr'>tamen</span> <span class='ocrx_word' id='word_1_253' title='bbox 967 2693 1140 2739; x_wconf 83' lang='lat' dir='ltr'>auxilia</span> <span class='ocrx_word' id='word_1_254' title='bbox 1190 2693 1478 2753; x_wconf 86' lang='lat' dir='ltr'>posteritatis</span> <span class='ocrx_word' id='word_1_255' title='bbox 1532 2695 1685 2739; x_wconf 83' lang='lat' dir='ltr'>essent</span> <span class='ocrx_word' id='word_1_256' title='bbox 1708 2715 1750 2746; x_wconf 86' lang='lat'>30</span> 
     </span>
    </p>
   </div>
   <div class='ocr_carea' id='block_1_3' title="bbox 1783 0 1846 2996">
    <p class='ocr_par' dir='ltr' id='par_1_5' title="bbox 1783 0 1846 2996">
     <span class='ocr_line' id='line_1_32' title="bbox 1783 0 1846 2996; baseline 0 0"><span class='ocrx_word' id='word_1_257' title='bbox 1783 0 1846 2996; x_wconf 95' lang='lat' dir='ltr'> </span> 
     </span>
    </p>
   </div>
  </div>
 </body>
</html>
