1846 2996
504 872 931 936 ORITIOAL
997 876 1475 938 APPENDIX

352 1040 452 1081 ΤΗΕ
482 1041 720 1082 READINGS
750 1054 805 1083 OF
834 1055 925 1083 THE
954 1056 1081 1085 MORE
1111 1057 1377 1086 IMPORTANT
1409 1046 1525 1087 MSS.
1563 1058 1612 1087 IN

456 1106 681 1147 PAssAGEs
710 1119 880 1148 WHERE
909 1120 1001 1149 THE
1031 1111 1156 1150 TEXT
1186 1122 1225 1151 1s
1255 1122 1521 1151 uncianum

840 1170 853 1184 Ο

396 1229 434 1267 Τ
458 1245 495 1261 =
520 1227 650 1268 codex
671 1229 988 1282 Tegernseensis

394 1283 437 1321 Ε
457 1300 493 1315 z
574 1313 602 1332 ,,
666 1283 925 1324 Erfurtensis

333 1338 432 1376 codd
456 1355 491 1369 z
517 1337 691 1386 codices,
714 1338 740 1378 i.
750 1351 782 1378 e.
810 1352 953 1379 omnes
973 1340 1133 1380 codices

351 1391 432 1430 dett
455 1409 491 1424 =
517 1391 742 1432 deteriores
1232 1395 1327 1435 vide
1350 1395 1512 1436 Introd.
1538 1398 1559 1445 ἓ
1581 1398 1642 1435 40.

366 1458 431 1484 om
455 1462 491 1478 z
516 1446 683 1486 omittit

311 1499 442 1539 Schol.
477 1500 518 1540 V
514 1504 568 1540 at.
597 1517 633 1533 =
660 1500 826 1541 Scholia
847 1502 1054 1541 Vaticana

311 1554 441 1594 Schol.
467 1555 563 1594 Bob.
599 1572 635 1587 z
731 1587 759 1604 ,‚
855 1556 1078 1596 Bobiensia

303 1667 323 1713 ἓ
344 1667 368 1704 2
415 1664 555 1705 videre
576 1667 675 1706 codol

303 1721 325 1767 ξ
346 1722 368 1758 4
416 1720 680 1771 criminibus]
701 1721 895 1762 omnibus
914 1723 957 1762 Ε

304 1775 325 1821 §2
347 1775 369 1812 6
418 1778 492 1814 aut
513 1775 553 1824 (a
573 1776 645 1825 te),
671 1776 855 1828 potuisse
875 1789 939 1816 om
964 1777 1002 1816 T

301 1829 322 1875 ἕ
344 1828 365 1869 7
414 1828 518 1880 quid
538 1832 586 1868 tu
607 1830 750 1882 magni
769 1829 993 1883 dignitatis
1019 1832 1077 1870 T:
1110 1832 1213 1885 quid
1241 1835 1333 1872 tum
1354 1846 1407 1873 an
1429 1832 1653 1886 dignitatis
1671 1834 1734 1872 E:

237 1880 339 1934 quid
360 1885 408 1921 tu
428 1883 597 1922 inanem
616 1884 696 1923 dett

303 1938 324 1984 ἓ
344 1938 367 1975 8
416 1937 540 1976 exilio
556 1938 654 1977 codd
675 1942 688 1985 ΙΙ
706 1939 923 1991 quoniam]
939 1940 1023 1980 iam
1037 1942 1104 1993 qffi
1128 1941 1183 1980 T:
1204 1940 1288 1980 iam
1305 1944 1388 1994 quo
1402 1942 1446 1981 Ε
1453 1957 1462 1981 :
1484 1955 1736 1994 quamquam

235 1991 315 2030 dett

302 2046 323 2093 ἕ
344 2047 366 2084 9
415 2044 574 2085 dilectu
599 2047 636 2085 T
650 2047 693 2086 Ε

302 2101 323 2147 ξ
345 2101 394 2138 10
442 2100 568 2139 maris
587 2100 695 2140 illud
717 2115 801 2141 esse
822 2103 863 2141 Ε

303 2155 324 2201 ἕ
346 2155 395 2193 13
443 2153 587 2194 aberat
622 2156 660 2194 Τ
683 2156 726 2194 Ε
751 2161 764 2203 ΙΙ
796 2169 889 2196 cum
923 2161 965 2197 te
998 2170 1085 2197 non
1118 2156 1313 2197 videbam
1347 2158 1385 2197 Τ
1413 2158 1456 2197 Ε
1481 2163 1494 2205 ΙΙ
1529 2157 1736 2211 reliquisti

1266 2218 1298 2236 m

243 2242 280 2280 T
283 2242 338 2334 dE'
362 2246 375 2289 ΙΙ
406 2242 603 2282 iudicasti
622 2244 720 2283 codd
750 2249 763 2291 {l
791 2257 865 2296 ego
886 2258 982 2285 vero
1002 2247 1062 2295 te]
1091 2258 1165 2298 ego
1194 2250 1292 2285 aute
1317 2247 1355 2286 Τ
1383 2251 1397 2293 Η
1427 2246 1536 2296 ludi]
1560 2246 1651 2286 iudi
1675 2247 1733 2286 T:

236 2295 280 2335 iu
312 2295 393 2335 iees
414 2297 456 2335 Ε

303 2351 324 2398 ἓ
346 2352 395 2389 14
443 2350 570 2390 simul
591 2354 639 2391 ut
660 2356 702 2391 et
722 2353 795 2404 qui
815 2355 858 2393 Ε

301 2406 323 2452 ξ
344 2405 393 2444 15
442 2407 583 2444 tamen
604 2419 679 2445 nos
699 2407 861 2459 impetu
887 2408 925 2447 T
939 2409 1001 2447 E:
1035 2411 1156 2448 tanto
1176 2421 1252 2448 nos
1267 2409 1430 2461 impetu
1448 2410 1529 2449 dett

302 2460 323 2506 ξ
345 2461 394 2498 16
443 2472 556 2499 nunc
577 2459 679 2512 quid
704 2461 742 2500 T
757 2462 800 2500 Ε
825 2466 839 2509 ΙΙ
869 2462 1114 2514 adsequerez·
1137 2463 1175 2501 T
1190 2463 1232 2502 Ε

302 2514 323 2560 ἓ
345 2512 394 2554 17
444 2513 600 2553 factum
622 2527 686 2554 om
713 2515 751 2554 T
777 2519 791 2562 ΙΙ
820 2519 1007 2555 vestrum
1034 2517 1093 2555 T:
1127 2521 1308 2556 vestram
1329 2518 1372 2556 Ε

300 2567 321 2614 ξ
343 2568 392 2605 19
440 2579 610 2607 suorum
631 2569 891 2621 municipum
924 2569 1082 2610 honore
1105 2570 1253 2610 laetari
1272 2572 1316 2609 Ε
1327 2586 1335 2610 :
1368 2583 1537 2610 suorum
1558 2570 1733 2612 munici-

236 2619 353 2671 pium
373 2620 522 2661 laetari
545 2623 583 2661 T

303 2676 390 2723 §20
438 2676 636 2716 faverunt
661 2677 699 2716 T
717 2677 760 2716 Ε
771 2692 779 2718 :
813 2676 1013 2719 favebant
1033 2679 1164 2718 Schol.
1200 2680 1287 2720 γαί.
