1846 2996
87 164 176 205 §58
458 160 565 202 PRO
596 160 685 202 CN.
722 159 971 200 PLANCIO
1002 159 1213 200 ORATIO
1536 162 1588 199 29

87 293 357 354 prudentiae
381 293 632 351 adsumere,
662 308 789 340 meae
813 292 1065 339 modestiae
1097 293 1333 339 remittere
1365 292 1585 339 debeatis.

88 375 214 422 Illud
254 391 398 422 unum
439 391 521 422 vos
562 391 834 436 magnopere
876 390 953 423 oro
989 379 1128 435 atque
1164 375 1361 434 obsecro,
1400 375 1586 434 iudices,

87 474 191 506 cum
216 458 366 526 huius,
394 474 531 519 quem
559 459 766 518 defendo,
795 463 898 505 tum
926 459 1182 505 communis
1217 457 1408 518 periculi
1438 473 1586 516 causa,

88 557 144 588 ne
170 542 289 587 fictis
314 541 643 600 auditionibus,
666 557 722 588 ne
747 541 1047 587 disseminato
1071 540 1366 600 dispersoque
1390 540 1590 586 sermoni

46 647 64 677 5
87 624 297 670 fortunas
332 624 646 670 innocentium
681 623 972 669 subiciendas
1011 623 1198 683 putetis.
1276 621 1420 668 Multi
1455 622 1591 668 amici
1615 628 1674 673 57

88 706 374 765 accusatoris,
402 706 611 753 nonnulli
639 707 782 753 etiam
806 706 954 752 nostri
977 706 1138 765 iniqui,
1166 705 1305 751 multi
1329 720 1592 751 communes

87 789 420 836 obtrectatores
465 793 605 849 atque
664 790 870 836 omnium
928 789 1076 835 invidi
1134 788 1285 835 multa
1341 788 1587 835 finxerunt.

89 871 222 918 Nihil
263 876 335 919 est
375 876 532 920 autem
567 876 665 919 tam
700 872 885 918 volucre
927 887 1066 931 quam
1102 871 1430 918 maledictum:
1474 870 1591 916 nihil
1673 899 1676 902 ·

87 954 267 1001 facilius
291 955 536 1012 emittitur,
564 955 682 1001 nihil
714 955 851 1001 citius
879 954 1120 1014 excipitur,
1148 953 1291 1000 latius
1323 953 1587 1014 dissipatur.

27 1061 67 1083 10
90 1037 252 1097 Neque
284 1052 380 1098 ego,
408 1037 448 1084 si
482 1037 659 1084 fontem
694 1037 931 1084 maledicti
968 1037 1217 1096 reperietis,
1245 1040 1300 1082 ut
1335 1016 1592 1096 neglegatis

89 1124 171 1166 aut
206 1120 522 1181 dissimuletis,
559 1135 764 1180 unquam
806 1119 1065 1180 postulabo.
1139 1118 1231 1166 Sed
1267 1119 1306 1165 si
1347 1119 1459 1179 quid
1494 1119 1592 1165 sine

89 1203 238 1263 capite
257 1203 466 1250 manabit
483 1207 623 1262 atque
648 1203 736 1249 erit
760 1203 858 1249 eius
882 1203 1021 1261 modi,
1044 1206 1209 1248 utnon
1228 1205 1381 1249 exstet
1404 1206 1564 1248 auctor
1579 1220 1593 1262 3

89 1286 140 1345 si,
169 1286 247 1345 qui
280 1286 491 1343 audierit,
520 1290 602 1332 aut
625 1286 694 1331 ita
717 1284 961 1345 neglegens
985 1285 1117 1331 vobis
1141 1300 1239 1331 esse
1262 1285 1510 1343 videbitur,
1539 1289 1593 1330 ut

89 1368 210 1415 unde
234 1368 445 1427 audierit,
468 1368 640 1414 oblitus
657 1369 733 1426 sit,
756 1372 838 1414 aut
862 1369 931 1414 ita
953 1367 1103 1414 levem
1127 1367 1319 1414 habebit
1342 1371 1589 1426 auctorem,

27 1473 66 1504 15
90 1454 144 1497 ut
167 1451 388 1498 memoria
423 1451 615 1511 dignum
643 1466 736 1496 non
768 1451 960 1510 putarit,
986 1449 1125 1496 huius
1153 1449 1236 1495 illa
1257 1465 1350 1497 vox
1371 1449 1590 1510 vulgaris,

90 1547 291 1592 AUDIVI,
318 1549 375 1580 ne
400 1534 513 1593 quid
538 1533 773 1580 innocenti
796 1548 873 1579 reo
897 1536 1073 1591 noceat,
1102 1547 1297 1580 oramus,

92 1693 135 1741 ἓξ
170 1690 313 1733 58-71.
369 1692 505 1731 Third
531 1696 632 1743 part
666 1692 714 1743 of
745 1692 809 1731 the
845 1691 991 1741 speech.
1075 1689 1245 1730 Cicero’s
1277 1703 1437 1730 answer
1469 1694 1507 1730 to
1539 1691 1589 1731 L.

204 1757 384 1805 Cassius,
407 1758 471 1797 the
490 1757 644 1808 junior
663 1757 835 1805 connsel,
863 1757 952 1796 wlco
971 1756 1058 1795 had
1077 1756 1333 1807 emphasised
1339 1757 1449 1807 four
1456 1757 1596 1807 points

202 1824 250 1862 in
268 1823 335 1862 his
353 1822 602 1874 speech—(1)
625 1823 714 1862 that
743 1823 978 1862 Laterensis
997 1821 1185 1860 deserved
1204 1825 1243 1860 to
1262 1821 1304 1860 be
1325 1821 1540 1872 preferred
1558 1825 1596 1860 to

202 1888 404 1928 Plancius
433 1889 591 1928 because
613 1889 659 1938 of
682 1888 749 1927 his
769 1887 882 1926 noble
912 1887 1022 1926 birth
1035 1900 1053 1934 ;
1083 1890 1120 1926 to
1140 1886 1272 1926 which
1296 1886 1430 1925 Cicero
1449 1887 1596 1937 replies

202 1953 291 1992 that
310 1953 373 1992 the
384 1954 492 2004 path
511 1955 558 2004 qf
571 1955 672 2004 office
694 1955 731 1992 is
751 1966 850 2003 open
869 1957 908 1992 to
926 1953 990 1992 all
1002 1968 1019 2000 ;
1051 1965 1145 1991 men
1166 1952 1213 2002 of
1235 1951 1336 2002 hiyh
1356 1951 1467 1991 birth
1494 1953 1597 2001 φαίη

201 2018 375 2069 nothin9
392 2023 522 2070 except
541 2018 630 2058 that
649 2019 741 2070 they
761 2032 832 2059 are
852 2019 928 2059 less
946 2018 1089 2058 envied
1110 2017 1170 2068 (ἐξ
1190 2017 1354 2067 58-60).

180 2114 362 2162 XXIV.
405 2115 495 2162 Sed
536 2116 670 2162 venio
712 2117 805 2162 iam
852 2116 910 2162 ad
952 2115 1003 2163 L.
1051 2115 1276 2173 Cassium,
1321 2114 1596 2160 familiarem
1621 2127 1678 2174 58

96 2209 262 2252 meum,
307 2194 436 2240 cuius
477 2209 533 2241 ex
573 2195 780 2241 oratione
820 2210 877 2241 ne
918 2194 1051 2240 illum
1098 2195 1285 2254 quidem
1326 2194 1597 2239 Iuventium

97 2283 249 2322 tecum
289 2277 590 2336 expostulavi,
637 2293 773 2337 quem
819 2277 898 2324 ille
945 2278 1070 2323 omni
1117 2281 1164 2324 et
1211 2277 1503 2323 humanitate
1551 2280 1598 2322 et

35 2389 76 2412 20
97 2359 271 2405 virtute
318 2363 507 2405 ornatus
553 2359 820 2406 adulescens
866 2360 1066 2420 primum
1113 2359 1170 2406 de
1221 2359 1354 2419 plebe
1402 2359 1597 2406 aedilem

98 2440 300 2487 curulem
340 2441 517 2488 factum
557 2457 655 2489 esse
695 2442 828 2489 dixit.
902 2442 960 2488 In
995 2457 1098 2502 quo,
1140 2442 1284 2501 Cassi,
1324 2443 1364 2489 si
1405 2443 1492 2489 tibi
1530 2443 1599 2488 ita

98 2522 410 2583 respondeam,
436 2524 633 2571 nescisse
657 2524 705 2570 id
723 2523 945 2584 populum
970 2523 1246 2583 Romanum,
1267 2539 1415 2584 neque
1439 2525 1593 2584 fuisse,

99 2605 179 2664 qui
206 2605 255 2651 id
289 2605 421 2652 nobis
444 2610 664 2665 narraret,
693 2606 963 2666 praesertim
995 2611 1178 2653 mortuo
1212 2606 1382 2667 GongO,
1410 2623 1516 2666 non,
1542 2612 1597 2654 ut

99 2687 269 2747 opinor,
309 2687 544 2746 admirere,
580 2703 684 2735 cum
720 2704 802 2748 ego
838 2689 934 2748 ipse
969 2703 1060 2735 non
1097 2689 1346 2736 abhorrens
1380 2705 1408 2736 a
1442 2691 1598 2737 studio
