1846 2996
161 172 163 174 ’
208 189 271 249 4,εῆν
655 186 713 227 Μ.
747 186 919 228 TULLI
950 185 1255 228 CICERONIS
1619 192 1639 231 s
1659 189 1710 228 93

207 321 382 380 uberes,
410 320 491 367 sed
522 336 692 380 magna
714 321 966 381 acerbitate
989 321 1240 379 permixtos
1277 320 1499 379 tulissem,
1526 326 1581 367 ut
1616 322 1710 367 iam

208 403 324 448 mihi
371 403 604 461 servirem,
653 403 936 450 consulerem
982 403 1130 462 meis,
1182 418 1231 449 se
1276 418 1368 448 non
1415 403 1550 449 modo
1596 404 1711 450 satis

208 485 373 531 habere
410 500 438 530 a
471 499 558 542 me,
596 484 677 530 sed
713 486 854 532 etiam
889 485 1048 544 vereri,
1084 500 1141 531 ne
1175 500 1340 545 parum
1374 484 1490 530 mihi
1524 500 1606 544 pro
1641 501 1708 542 ec,

127 574 186 619 93
208 571 437 627 quantum
479 582 508 613 a
548 581 621 612 me
663 567 868 627 haberet,
913 567 1201 614 reddidisset.
1284 566 1438 623 Quid?
1473 567 1513 612 si
1548 567 1711 613 horum

207 665 290 708 ego
336 649 454 695 nihil
500 649 654 708 cogito
700 653 748 696 et
794 649 919 696 idem
959 664 1062 696 sum
1108 650 1157 695 in
1205 664 1254 695 re
1289 649 1484 708 publica,
1523 650 1603 708 qui
1643 649 1712 695 fui

207 746 397 791 semper,
437 735 653 777 tamenne
693 731 961 778 libertatem
1000 733 1204 791 requires
1246 732 1432 779 meam?
1477 746 1617 790 quam
1658 735 1712 777 tu

206 813 337 872 ponis
377 813 427 859 in
467 828 534 873 eo,
575 814 617 859 si
656 828 837 873 semper
877 828 984 860 cum
1029 814 1099 871 iis,
1144 813 1420 872 quibuscum
1465 813 1712 872 aliquando

207 895 540 956 contendimus,
569 895 898 955 depugnemus.
962 894 1095 952 Quod
1118 898 1190 941 est
1213 894 1347 953 longe
1364 909 1515 940 secus.
1579 894 1712 940 Stare

206 977 329 1022 enim
354 992 510 1023 omnes
540 977 759 1024 debemus
790 981 1013 1036 tanquam
1047 977 1096 1022 in
1131 976 1240 1023 orbe
1275 976 1430 1036 aliquo
1464 977 1531 1022 rei
1565 976 1712 1036 publi-

207 1074 298 1117 cae,
325 1060 405 1118 qui
429 1059 647 1119 quoniam
671 1062 895 1116 versatur,
914 1074 1015 1105 eam
1039 1058 1238 1119 deligere
1262 1062 1455 1118 partem,
1485 1058 1546 1105 ad
1569 1074 1710 1118 quam

206 1157 288 1187 nos
312 1141 438 1198 illius
462 1141 644 1188 utilitas
669 1141 884 1201 salusque
909 1142 1200 1188 converterit.

290 1223 522 1271 XXXIX.
562 1224 661 1283 Ego
702 1227 860 1270 autem
902 1222 987 1271 Gn.
1033 1223 1308 1283 Pompeium
1343 1239 1435 1270 non
1471 1223 1573 1270 dieo
1608 1238 1710 1269 auc-

206 1310 368 1363 torem,
401 1306 576 1366 ducem,
615 1306 900 1353 defensorem
932 1305 1097 1352 salutis
1136 1321 1442 1353 meae—nam
1482 1306 1594 1352 haec
1627 1307 1715 1366 pri-

207 1389 352 1434 vatim
394 1388 588 1435 fortasse
630 1389 878 1435 officiorum
924 1388 1193 1434 memoriam
1239 1393 1288 1435 et
1332 1389 1534 1448 gratiam
1578 1404 1714 1448 quae-

206 1471 464 1517 runt—sed
483 1471 584 1517 dico
603 1471 699 1530 1106,
722 1470 846 1531 quod
864 1470 924 1516 ad
942 1470 1141 1517 salutem
1165 1471 1230 1517 rei
1248 1470 1459 1530 publicae
1479 1471 1713 1530 pertinet:

206 1568 289 1612 ego
313 1568 418 1599 eum
442 1569 533 1599 non
557 1557 701 1612 tuear,
729 1568 867 1613 quem
893 1567 1051 1599 omnes
1074 1553 1124 1598 in
1158 1568 1206 1599 re
1241 1552 1427 1612 publica
1461 1545 1714 1612 principem

206 1650 303 1682 esse
337 1635 625 1683 concedunt?
694 1635 794 1695 Ego
831 1634 882 1684 O.
917 1634 1124 1681 Caesaris
1159 1634 1376 1681 laudibus
1413 1635 1572 1693 desim,
1599 1650 1714 1694 quas

206 1718 406 1776 primum
454 1717 613 1777 populi
663 1717 874 1775 Romani,
919 1731 1040 1763 nunc
1094 1717 1235 1763 etiam
1281 1721 1481 1776 senatus,
1526 1718 1600 1762 cui
1641 1732 1713 1763 me

206 1814 384 1858 semper
407 1799 577 1858 addixi,
604 1799 815 1859 plurimis
839 1803 979 1859 atque
1005 1799 1301 1859 amplissimis
1324 1799 1507 1845 iudiciis
1530 1799 1713 1846 videam

207 1896 304 1928 esse
350 1881 635 1928 celebratas?
703 1882 823 1929 Tum
870 1882 1055 1929 hercule
1101 1897 1175 1928 me
1218 1882 1438 1928 confitear
1472 1896 1563 1927 non
1599 1882 1714 1928 iudi-

206 1964 328 2010 cium
346 1964 534 2023 aliquod
552 1963 766 2010 habuisse
785 1963 841 2010 de
859 1964 1066 2010 utilitate
1089 1964 1156 2010 rei
1180 1963 1401 2023 publicae,
1424 1963 1504 2010 sed
1522 1963 1714 2010 homini-

126 2046 185 2092 94
206 2046 292 2092 bus
338 2047 537 2093 amicum
583 2050 666 2093 aut
711 2046 948 2092 inimicum
993 2046 1148 2094 fuisse.
1241 2045 1330 2104 An,
1381 2061 1485 2091 eum
1531 2046 1714 2092 videam

205 2143 371 2175 navem
394 2128 603 2175 secundis
627 2129 779 2175 ventis
803 2144 986 2175 cursum
1004 2131 1239 2175 tenentem
1263 2143 1411 2185 suum,
1430 2128 1470 2174 si
1493 2143 1584 2174 non
1608 2144 1712 2174 eum

207 2215 339 2270 petat
379 2215 577 2271 portum,
616 2226 754 2270 quem
796 2226 879 2270 ego
921 2210 1168 2271 aliquando
1209 2210 1416 2270 probavi,
1455 2210 1536 2256 sed
1569 2210 1712 2256 alium

207 2309 299 2339 non
339 2294 492 2340 minus
534 2297 694 2339 tutum
737 2297 876 2352 atque
917 2292 1234 2352 tranquillum,
1282 2307 1387 2338 cum
1434 2296 1712 2351 tempestate

208 2391 406 2436 pugnem
429 2375 678 2436 periculose
702 2376 856 2435 potius
886 2390 1024 2435 quam
1048 2374 1118 2420 1111
1142 2374 1292 2420 salute
1316 2375 1588 2433 praesertim
1611 2390 1712 2434 pro-

208 2459 359 2516 posita
399 2458 708 2517 obtemperem
743 2461 790 2503 et
825 2457 1043 2517 paream‘l
1111 2456 1211 2515 Ego
1252 2472 1362 2503 vero
1403 2456 1515 2503 haec
1555 2457 1707 2516 didici,

207 2540 319 2586 haec
357 2540 467 2599 vidi,
512 2539 623 2586 11366
663 2540 834 2599 scripta
873 2539 976 2598 legi,
1022 2538 1133 2585 haec
1174 2538 1230 2585 de
1271 2539 1622 2598 sapientissimis
1664 2544 1710 2586 et

209 2621 471 2668 clarissimis
493 2623 606 2669 viris
628 2626 676 2668 et
700 2622 748 2668 in
773 2622 858 2668 hac
882 2637 929 2668 re
954 2621 1139 2681 publica
1162 2625 1210 2667 et
1241 2622 1290 2667 in
1314 2622 1416 2668 aliis
1441 2621 1710 2668 civitatibus
1772 2618 1775 2619 ⁷

209 2705 491 2751 monimenta
533 2704 664 2751 nobis
712 2708 759 2751 et
805 2703 990 2750 litterae
1036 2704 1349 2763 prodiderunt,
1394 2719 1485 2750 non
1531 2719 1710 2764 semper
