1846 2996
570 127 837 170 CRITIOAL
865 128 1164 171 APPENDIX
1546 133 1623 172 145

185 263 274 310 521
324 259 537 301 laudanda
574 262 639 301 est
675 259 743 302 vel
782 260 910 302 etiam
948 260 1130 302 amanda
1175 262 1275 302 codd
1303 266 1318 309 ΙΙ
1354 260 1477 302 11111111
1515 261 1624 303 offici

118 317 208 355 inte
232 316 270 355 T
297 320 311 363 ΙΙ
341 314 522 368 denique
542 328 566 355 a
585 317 731 355 nostra
750 315 812 356 ita
837 317 876 356 T
890 317 934 356 E

185 372 207 418 5
227 371 278 409 24
328 369 477 410 timide
496 369 589 410 dico
616 370 655 409 T
669 370 713 409 Ε

185 426 208 473 5
228 426 278 464 26
326 425 439 464 votis
459 423 656 464 omnibus
676 423 941 478 lacrimisque
964 426 1004 466 T
1017 426 1061 466 Ε

186 481 279 527 529
328 482 456 532 atque
483 479 597 518 TE:
629 479 750 531 atqui
768 480 849 519 dect

180 535 223 627 Ξ,
228 535 278 574 30
325 536 414 574 tam
445 564 453 573 .
490 564 498 573 .
533 546 660 585 quam
680 534 724 572 Ε
734 548 744 572 :
776 535 858 586 (1115,
886 564 896 574 .
933 565 941 573 .
978 535 1062 588 qua
1087 534 1125 574 Τ
1150 538 1165 582 ΙΙ
1193 535 1357 587 generis
1377 538 1421 575 et
1439 534 1624 575 nominis

187 644 208 691 5
229 643 280 682 33
328 644 372 682 et
390 641 519 682 libere
538 655 603 682 om
624 641 754 682 Schol.
777 642 874 683 Bob.
907 647 922 691 ΙΙ
951 642 1178 684 salutasset
1196 646 1247 684 ut
1267 642 1316 684 fit
1332 643 1510 684 dixisset
1534 644 1573 684 Τ
1587 645 1630 683 Ε

119 702 134 744 ΙΙ
164 700 308 737 nostra.
326 696 568 749 arrogantia
592 697 630 736 Τ
647 697 690 736 Ε

185 753 207 799 5
227 753 279 791 34
325 751 405 804 prii
429 752 467 791 Τ

184 808 206 854 5
226 806 277 847 37
324 805 622 859 cuiuscumque
643 805 779 846 tribus
804 807 841 846 T
858 808 901 846 Ε

185 862 207 909 5
227 862 277 900 38
325 859 565 900 Teretinam
589 861 628 900 T
641 862 685 900 Ε
779 894 811 919 m

185 927 208 974 5
227 926 279 964 40
325 924 475 975 inscio]
495 919 775 978 necapinante
804 928 863 979 sie
886 928 947 968 T:
978 927 1023 967 in
1045 927 1153 968 sicco
1172 928 1216 967 Ε

186 981 208 1028 5
228 981 278 1019 43
325 983 375 1019 ut
394 980 430 1019 si
449 981 662 1032 quaesitor
686 983 725 1021 T
738 983 782 1022 Ε

186 1035 278 1082 545
326 1038 561 1087 respectent
585 1034 624 1074 T
638 1036 681 1075 Ε
706 1041 720 1084 ΙΙ
749 1036 946 1077 volumus
972 1037 1009 1076 T
1025 1037 1068 1076 Ε
1092 1041 1107 1084 ΙΙ
1135 1037 1242 1077 iram
1261 1037 1360 1077 codd

187 1090 278 1137 551
326 1087 490 1128 duabus
518 1088 750 1130 aedilitatis
779 1091 962 1144 acceptis
990 1091 1169 1144 repulsis
1194 1093 1255 1132 T:
1287 1091 1451 1132 duabus
1479 1091 1624 1133 aedili-

117 1142 280 1183 tatibus
298 1142 489 1196 repulsus
507 1144 552 1183 Ε

184 1199 206 1246 5
226 1199 277 1237 52
323 1197 375 1237 (10
394 1210 560 1238 summa
578 1211 622 1238 re
641 1199 810 1252 publica
835 1201 872 1240 T
887 1201 951 1239 E:
982 1199 1042 1240 rei
1061 1199 1255 1253 publicae
1274 1201 1356 1240 dett

184 1253 207 1300 5
227 1251 278 1294 57
325 1256 401 1292 aut
420 1252 542 1305 quid]
563 1253 677 1306 quod
702 1255 740 1294 T
755 1256 798 1294 Ε

185 1308 207 1355 5
227 1309 277 1347 59
325 1306 487 1347 familia
512 1308 572 1347 T:
611 1321 631 1347 0
653 1308 814 1348 familia
832 1310 876 1348 Ε
900 1314 914 1356 Η
944 1321 1050 1361 quae
1076 1310 1168 1359 rex]
1188 1322 1344 1361 gnarus
1374 1321 1501 1362 quare
1525 1310 1565 1349 T
1587 1310 1631 1349 Ε

184 1363 207 1409 5
228 1362 275 1401 61
325 1361 439 1414 (111οᾶ
460 1362 778 1415 triumpharant
805 1364 842 1402 T
859 1364 922 1403 E:
955 1364 1000 1402 in
1021 1363 1174 1416 quibus
1194 1363 1511 1416 triumpharent
1535 1364 1574 1403 T
1588 1365 1632 1403 E

185 1417 207 1464 5
228 1418 279 1455 62
326 1415 696 1468 reprehenduntur
714 1418 815 1457 codd

185 1472 208 1518 5
229 1472 279 1510 68
326 1469 406 1510 hoc
426 1483 580 1510 nomen
606 1472 644 1511 T
660 1473 704 1511 E
729 1475 743 1518 ΙΙ
772 1485 840 1511 aes
859 1471 1016 1512 retinet
1037 1472 1089 1522 (is
1114 1472 1151 1511 T
1165 1472 1221 1522 Ε)
1242 1473 1340 1512 codd
1358 1474 1519 1524 aliquot

184 1526 206 1573 5
227 1526 276 1564 69
324 1537 450 1578 quam
470 1524 583 1577 quod
611 1539 688 1578 pro
708 1526 880 1566 Plancio
905 1527 943 1565 T
958 1527 999 1565 Ε
1012 1541 1022 1565 2
1054 1539 1181 1578 quam
1201 1539 1276 1579 pro
1297 1526 1468 1567 Plancio
1501 1528 1581 1567 dett
1611 1532 1626 1575 ΙΙ

118 1582 343 1632 patronum
362 1592 448 1632 esse
468 1579 591 1620 illum
617 1581 655 1619 T
668 1581 713 1620 Ε

190 1635 212 1682 5
232 1632 281 1675 71
330 1637 377 1674 at
413 1635 527 1673 enim
564 1634 692 1674 nimis
726 1648 801 1688 ego
835 1636 900 1674 E:
944 1635 1089 1674 nimiis
1127 1635 1166 1674 T
1201 1639 1216 1682 ΙΙ
1257 1634 1450 1676 molestia
1490 1636 1529 1676 T
1557 1637 1624 1676 E:

116 1687 324 1728 modestia
341 1689 423 1728 dett

185 1742 278 1792 575
325 1742 613 1783 contenderim
639 1744 677 1784 T
691 1745 755 1783 E:
787 1743 1054 1784 contenderit
1072 1745 1155 1784 dett
1183 1745 1342 1795 aliquot
1372 1749 1386 1792 Η
1415 1744 1461 1784 id
1486 1745 1626 1798 ipsum

121 1798 160 1837 T
175 1798 219 1837 Ε
242 1802 256 1844 Η
285 1796 438 1847 dicere]
461 1797 547 1838 dici
573 1799 611 1838 T
627 1799 670 1838 Ε
695 1803 708 1846 ΙΙ
738 1799 784 1838 111
814 1798 881 1838 his
911 1798 1047 1839 causis
1073 1800 1110 1838 T
1125 1799 1191 1838 E:
1228 1798 1264 1838 is
1293 1799 1339 1838 in
1369 1799 1504 1839 causis
1529 1800 1628 1840 codd

118 1852 198 1892 ‘rell

185 1906 279 1956 §77
327 1906 438 1947 sicut
466 1908 511 1947 in
537 1907 575 1946 T
599 1909 643 1948 Ε
667 1912 682 1955 Η
711 1907 941 1960 praeferam
976 1908 1015 1948 T
1039 1908 1083 1947 Ε
1097 1921 1106 1947 :
1147 1920 1244 1960 prae
1273 1920 1340 1947 me
1368 1907 1499 1948 feram
1529 1909 1628 1948 codd

117 1963 198 2001 ‘rell
227 1965 241 2008 ΙΙ
270 1961 426 2014 populo
446 1961 495 2002 R.
522 1965 564 2002 et
588 1962 771 2014 gratiam
799 1962 942 2002 referri
966 1962 1004 2001 T
1027 1963 1090 2002 E:
1123 1961 1270 2015 populi
1300 1962 1348 2003 R.
1377 1963 1456 2012 (vel
1486 1975 1528 2016 p.
1554 1963 1626 2014 R.)

119 2016 158 2055 ei
177 2016 358 2068 gratiam
377 2015 522 2056 referri
542 2018 643 2056 codd
661 2018 744 2061 roll

185 2072 208 2119 5
227 2069 278 2123 78
326 2069 557 2122 defugerim
593 2071 630 2110 T
653 2072 695 2110 Ε
725 2076 740 2119 Η
773 2071 874 2124 quia
902 2084 1022 2124 saepe
1056 2073 1314 2112 concurrunt
1347 2074 1519 2125 propter
1551 2071 1625 2112 ali-

120 2136 298 2178 quorum
324 2125 360 2164 T
377 2125 421 2164 Ε
431 2139 440 2164 :
472 2125 684 2165 concurrit
704 2126 804 2165 codd
821 2126 902 2165 rell

187 2181 210 2228 5
230 2181 282 2220 80
329 2179 525 2219 omnibus
545 2192 612 2219 me
631 2179 867 2220 virtutibus
887 2181 930 2220 Ε

185 2236 208 2282 5
228 2235 277 2273 81
327 2233 456 2274 alitus
480 2235 519 2274 T
534 2235 577 2274 Ε

188 2290 210 2337 5
231 2289 281 2328 88
331 2301 456 2341 (1110111
477 2288 664 2341 profecto
684 2302 770 2329 non
790 2288 985 2329 videbam
1007 2301 1073 2328 om
1097 2289 1135 2328 T
1149 2289 1193 2328 E

187 2344 210 2391 5
230 2344 280 2382 89
329 2345 472 2382 tamen
493 2343 547 2383 ob
566 2343 685 2383 illam
706 2342 819 2396 quod
844 2344 883 2383 T
899 2344 943 2382 Ε

188 2399 210 2445 5
230 2398 279 2437 91
329 2396 476 2447 debeo]
497 2396 643 2437 desino
663 2399 761 2438 codd

188 2453 211 2500 5
230 2451 281 2490 95
329 2464 465 2491 arcem
485 2452 583 2492 codd

176 2507 219 2600 ἓ
229 2507 280 2546 98
328 2519 424 2546 011111
443 2509 587 2547 tamen
612 2507 651 2547 T
665 2507 729 2547 E:
762 2519 858 2547 cum
887 2509 1058 2548 tantum
1077 2507 1159 2547 dett
1194 2511 1209 2555 ΙΙ
1240 2505 1295 2547 ad
1324 2505 1628 2562 Planciumque

172 2616 212 2663 ’ξ
233 2616 311 2654 100
359 2615 402 2655 vi
421 2615 595 2669 inquam
620 2615 679 2656 T:
711 2616 755 2657 vi
775 2629 843 2656 me
862 2615 1039 2669 inquam
1058 2616 1102 2656 Ε

190 2671 212 2717 5
232 2670 308 2709 101
357 2682 401 2710 se
424 2669 595 2710 deorum
621 2671 659 2710 T
