1846 2996
127 181 146 219 ἓ
166 180 219 216 22
493 177 601 218 PRO
632 177 721 218 CN.
759 176 1008 218 PLANCIO
1040 176 1251 218 ORATIO
1578 175 1626 214 11

126 311 284 356 lanum
303 311 504 370 aliquem
523 311 579 357 de
598 311 665 359 M.
690 311 864 357 Catone
883 310 963 357 illo
987 311 1036 357 in
1062 325 1194 357 omne
1212 311 1390 356 virtute
1409 309 1626 369 principe,

126 407 238 438 num
263 392 319 439 de
344 393 414 440 Ti.
443 393 742 451 CoruncaniO,
771 393 1002 453 municipe
1026 408 1108 439 suo
1133 407 1245 438 num
1269 392 1327 438 de
1356 395 1428 437 tot
1454 390 1631 436 Fulviis

125 474 343 534 gloriari?
375 475 568 522 verbum
604 458 738 521 nemo
766 475 892 522 facit.
965 474 1032 521 At
1061 475 1110 520 in
1145 488 1463 534 quemcunque
1498 472 1633 532 Arpi-

127 560 283 602 natem
320 557 546 616 incideris,
588 557 770 603 etiamsi
811 557 941 616 nolis,
988 558 1075 603 erit
1122 561 1278 603 tamen
1315 555 1403 602 tibi
1438 555 1632 601 fortasse

86 656 103 685 s
128 639 268 685 etiam
293 639 349 685 de
374 639 505 685 nobis
529 639 717 699 aliquid,
745 639 825 685 sed
851 643 973 686 certe
997 639 1053 686 de
1080 639 1130 685 O.
1161 638 1311 684 Mario
1335 637 1628 684 audiendum.

129 722 338 767 Primum
375 722 521 781 igitur
558 722 632 768 hic
673 722 838 768 habuit
880 722 1038 770 studia
1073 737 1260 767 suorum
1297 720 1508 767 ardentia
1523 738 1537 780 3
1579 723 1633 764 tu

128 807 275 862 tanta,
303 808 479 864 quanta
503 805 551 850 in
575 804 841 850 hominibus
868 805 962 851 iam
998 804 1219 850 saturatis
1251 802 1500 849 honoribus
1535 816 1633 847 esse

127 890 391 945 potuerunt.
496 886 675 932 Deinde
729 887 800 933 tui
857 887 1111 945 municipes
1163 889 1273 931 sunt
1325 885 1395 930 illi
1447 883 1634 943 quidem
1657 886 1713 932 21

129 968 490 1027 splendidissimi
525 969 746 1027 homines,
774 968 855 1015 sed
890 972 1048 1014 tamen
1083 968 1229 1027 pauci,
1265 966 1493 1026 siquidem
1529 981 1633 1011 cum

67 1076 107 1096 10
129 1049 405 1097 Atinatibus
429 1051 722 1097 conferantur
738 1067 752 1110 5
787 1050 927 1096 huius
951 1050 1240 1110 praefectura
1270 1049 1407 1110 plena
1430 1049 1633 1095 virorum

129 1132 499 1192 fortissimorum,
537 1134 602 1179 sic
637 1146 691 1179 ut
731 1132 860 1179 nulla
899 1137 1003 1179 tota
1044 1132 1185 1178 Italia
1225 1132 1508 1191 frequentior
1542 1130 1635 1176 dici

130 1215 289 1274 possit.
363 1215 513 1272 Quam
533 1216 719 1275 quidem
737 1231 858 1261 nunc
877 1215 1227 1261 multitudinem
1242 1214 1426 1273 videtis,
1445 1214 1630 1271 iudiceS,

130 1297 178 1343 in
215 1297 425 1357 squalore
463 1301 512 1344 et
548 1297 679 1344 luctu
719 1298 972 1357 supplicem
1013 1297 1160 1345 vobis.
1234 1297 1301 1342 Hi
1342 1300 1415 1343 tot
1457 1297 1635 1356 equites

132 1379 343 1439 Romani,
393 1383 467 1426 tot
525 1380 701 1426 tribuni
759 1381 1113 1426 aerarii—nam
1165 1379 1347 1439 plebem
1394 1395 1422 1425 a
1466 1378 1636 1424 iudicio

70 1480 107 1511 15
131 1461 403 1521 dimisimus,
449 1478 566 1522 quae
614 1466 780 1509 cuncta
821 1463 1022 1508 comitiis
1069 1461 1402 1521 adfuit—quid
1443 1461 1631 1519 roboris,

131 1544 244 1604 quid
284 1544 528 1604 dignitatis
568 1544 707 1591 huius
747 1546 962 1604 petitioni
1003 1544 1295 1591 attulerunt‘l
1365 1544 1472 1590 Non
1514 1544 1635 1590 enim

131 1627 306 1673 tribum
323 1627 598 1686 Teretinam,
621 1627 678 1674 de
702 1643 794 1687 qua
818 1627 969 1674 dicam
987 1628 1078 1673 alio
1103 1627 1214 1684 loco,
1237 1626 1318 1673 sed
1343 1626 1632 1685 dignitatem,

131 1709 212 1755 sed
253 1709 486 1756 oculorum
527 1710 798 1768 coniectum,
841 1710 921 1756 sed
969 1709 1163 1756 solidam
1211 1713 1258 1756 et
1304 1709 1543 1755 robustam
1590 1713 1638 1755 et

131 1792 373 1838 adsiduam
414 1792 723 1852 frequentiam
764 1793 1086 1852 praebuerunt.
1171 1793 1347 1838 Nostra
1387 1792 1639 1851 municipia

71 1896 111 1916 20
133 1875 450 1921 coniunctione
469 1876 610 1921 etiam
627 1876 883 1921 vicinitatis
901 1875 1197 1922 vehementer
1215 1878 1474 1921 moventur.
1549 1873 1634 1920 IX.
1664 1872 1721 1918 22

134 1957 314 2017 Omnia,
359 1973 475 2017 quae
511 1957 612 2003 dico
650 1957 707 2003 de
750 1958 952 2016 Plancio,
991 1958 1092 2004 dico
1134 1961 1350 2017 expertus
1386 1957 1434 2002 in
1476 1955 1640 2015 nobis;

133 2054 292 2086 sumus
316 2039 439 2086 enim
462 2040 654 2085 finitimi
673 2040 959 2087 Atinatibus.
1036 2039 1292 2086 Laudanda
1310 2043 1381 2085 est
1399 2039 1474 2085 vel
1498 2039 1639 2085 etiam

134 2121 405 2167 admiranda
422 2121 637 2168 vicinitas
655 2122 859 2168 retinens
874 2127 1078 2168 veterem
1097 2121 1226 2167 illam
1242 2122 1379 2168 officii
1397 2116 1636 2179 rationem,

134 2219 226 2250 non
260 2203 489 2250 infuscata
523 2204 852 2262 malivolentia,
892 2220 983 2250 non
1019 2205 1213 2251 adsueta
1247 2203 1510 2260 mendaciis,
1549 2218 1640 2249 non

74 2307 112 2338 25
135 2285 303 2344 fucosa,
331 2302 422 2332 non
457 2286 613 2345 fallax,
649 2302 741 2333 non
777 2288 958 2333 erudita
993 2287 1187 2333 artificio
1223 2286 1532 2332 simulationis
1566 2284 1642 2331 vel

137 2368 399 2414 suburbano
422 2369 498 2415 vel
521 2370 665 2415 etiam
679 2369 869 2416 urbano.
944 2369 1094 2415 Nemo
1118 2369 1319 2428 Arpinas
1338 2384 1429 2414 non
1455 2367 1642 2414 Plancio

138 2451 333 2510 studuit,
379 2466 512 2498 nemo
555 2451 767 2510 Soranus,
813 2466 947 2497 nemo
991 2451 1195 2509 Casinas,
1241 2466 1374 2497 nemo
1417 2451 1639 2510 Aquinas,

139 2533 333 2579 Tractus
379 2533 458 2580 ille
505 2533 838 2592 celeberrimus,
889 2532 1195 2591 Venafranus‚
1246 2533 1492 2592 Allifanus,
1544 2536 1645 2578 tota

93 2607 95 2610 Α
140 2614 335 2675 denique
354 2619 512 2662 nostra
528 2616 610 2662 illa
627 2631 790 2675 aspera
808 2619 855 2662 et
874 2619 1119 2662 montuosa
1142 2619 1190 2662 et
1214 2615 1364 2662 fidelis
1383 2619 1430 2662 et
1448 2614 1645 2674 simplex

78 2722 119 2752 30
140 2702 188 2745 et
212 2698 387 2744 fautrix
411 2713 596 2744 suorum
621 2699 746 2758 regio
778 2713 826 2745 se
860 2697 998 2744 huius
1029 2698 1199 2744 honore
1225 2699 1387 2756 ornari,
1417 2713 1462 2744 se
1488 2698 1645 2757 augeri
