1846 2996
90 170 175 210 §96
458 167 566 208 PRO
597 167 687 208 CN.
721 166 971 208 PLANCIO
1002 167 1214 208 ORATIO
1540 172 1592 210 49

89 302 272 349 easdem
297 303 550 348 sententias
575 301 634 348 ab
658 301 844 360 eisdem,
873 301 954 348 sed
974 316 1269 361 quascunque
1292 302 1358 348 rei
1382 302 1593 361 publicae

87 389 255 443 status,
284 385 522 431 inclinatio
558 389 832 443 temporum,
865 385 984 430 ratio
1020 385 1283 431 concordiae
1318 384 1588 444 postularet,

86 482 183 513 esse
217 467 441 515 defensas,
515 466 648 524 Quod
684 481 767 526 ego
803 470 850 513 et
879 467 1011 524 facio,
1038 467 1312 527 Laterensis,
1342 471 1389 513 et
1413 482 1593 527 semper

84 549 250 595 faciam
274 549 643 608 libertatemque,
671 564 811 608 quam
843 553 898 595 tu
930 549 979 595 in
1011 565 1084 596 me
1109 550 1315 610 requiris,
1343 565 1484 609 quam
1509 565 1592 610 ego

43 649 61 680 5
86 647 231 692 neque
256 632 411 678 dimisi
442 647 646 691 unquam
671 646 819 690 neque
855 632 1105 690 dimittam,
1135 647 1224 678 non
1249 633 1298 678 in
1322 633 1587 692 pertinacia,

84 714 165 760 sed
188 715 236 759 in
261 714 459 774 quadam
484 714 795 760 moderatione
821 714 1019 774 positam
1044 714 1231 774 putabO.

82 884 126 931 ἓξ
146 883 315 922 95-100.
353 883 588 923 Laterensis
615 883 702 922 had
720 882 894 933 characa
926 882 1061 922 Cicero
1079 883 1183 922 avith
1212 883 1500 934 eaeaqqeratiny
1527 883 1592 923 the

189 949 366 998 danyers
373 949 493 1000 from
513 948 647 987 which
673 948 877 987 Plancius
895 949 1060 987 rescuecl
1087 948 1178 987 him
1191 963 1208 996 ;
1241 949 1377 988 Cicero
1398 949 1593 988 describes

191 1014 299 1052 them
314 1017 352 1052 to
370 1013 556 1063 disprove
576 1013 659 1052 this
677 1016 898 1051 statement.

162 1115 263 1163 XL.
291 1116 442 1162 Nunc
478 1116 611 1161 venio
647 1115 707 1161 ad
742 1115 861 1161 illud
897 1119 1170 1175 extremum,
1200 1116 1248 1162 in
1281 1131 1372 1176 quo
1409 1116 1586 1175 dixisti,
1615 1123 1673 1168 95

80 1198 194 1244 clum
218 1197 415 1244 Plancii
445 1197 500 1245 in
530 1214 600 1244 me
623 1197 844 1244 meritum
866 1198 1012 1245 verbis
1036 1199 1307 1257 extollerem,
1334 1215 1405 1245 me
1428 1215 1591 1246 arcum

69 1281 232 1342 facere
256 1298 278 1327 e
301 1282 459 1327 cloaca
496 1279 791 1340 lapidemque
815 1297 837 1327 e
862 1281 1069 1341 sepulcro
1105 1281 1320 1328 venerari
1346 1297 1440 1342 pro
1475 1282 1557 1328 deo
1572 1301 1590 1328 .-

20 1396 60 1417 10
81 1380 223 1424 neque
269 1363 394 1410 enim
439 1363 561 1409 milei
607 1363 900 1410 insidiarum
939 1363 1210 1425 periculum
1252 1365 1408 1410 ullum
1448 1381 1591 1425 neque

80 1445 242 1493 mortis
269 1447 438 1508 fuisse.
513 1445 657 1493 Cuius
698 1461 781 1505 ego
823 1447 1043 1506 temporis
1084 1447 1311 1493 rationem
1353 1446 1591 1506 explicabo

81 1528 210 1575 brevi
233 1544 381 1588 neque
404 1528 592 1576 invitus.
670 1528 805 1575 Nihil
829 1529 953 1575 enim
971 1533 1043 1575 est
1067 1544 1124 1576 ex
1147 1530 1262 1575 meis
1287 1529 1586 1589 temporibus,

80 1611 204 1671 quod
239 1612 392 1658 minus
432 1615 736 1671 pervagatum
775 1611 991 1671 quodque
1027 1611 1181 1658 minus
1218 1616 1300 1658 aut
1334 1627 1438 1658 mea
1473 1627 1590 1659 com-

80 1695 409 1741 memoratione
433 1694 717 1740 celebratum
741 1695 805 1740 sit
824 1698 907 1740 aut
925 1694 1190 1740 hominibus
1213 1694 1425 1740 auditum
1450 1699 1589 1754 atque

21 1801 58 1833 15
80 1781 257 1825 notum.
330 1777 429 1837 Ego
465 1777 602 1836 enim,
643 1777 921 1835 Laterensis,
960 1792 1017 1824 ex
1051 1777 1132 1823 illo
1167 1777 1378 1823 incendio
1418 1778 1586 1839 legum,

79 1861 204 1920 iuris,
232 1864 434 1918 senatus,
462 1860 686 1907 bonorum
711 1860 918 1906 omnium
943 1859 1119 1920 cedens,
1149 1875 1253 1906 cum
1288 1875 1392 1906 mea
1427 1860 1591 1907 domus

78 1943 238 1990 ardore
270 1958 352 1989 suo
384 1942 763 2002 deflagrationem
799 1942 906 1989 urbi
941 1946 1082 2003 atque
1118 1942 1286 1989 Italiae
1323 1944 1412 1990 toti
1447 1944 1591 1990 mina-

78 2030 218 2084 retur,
247 2026 336 2071 nisi
359 2025 650 2085 quievissem,
681 2024 886 2072 Siciliam
911 2025 1058 2085 petivi
1081 2026 1247 2084 animo,
1277 2041 1394 2085 quae
1419 2030 1466 2072 et
1491 2027 1591 2086 ipsa

79 2113 179 2156 erat
212 2108 329 2155 mihi
360 2109 480 2154 sicut
504 2108 668 2154 domus
693 2123 797 2154 mea
821 2108 1067 2154 coniuncta
1089 2111 1138 2154 et
1162 2108 1459 2155 obtinebatur
1482 2125 1510 2155 a
1535 2108 1586 2156 O.

0 2216 59 2240 ,ιο
79 2191 298 2251 Vergilio,
326 2206 524 2251 quocum
547 2205 622 2238 me
647 2206 740 2237 uno
775 2190 851 2237 vel
889 2191 1089 2238 maxime
1114 2206 1217 2237 cum
1242 2195 1453 2237 vetustas
1488 2194 1590 2237 tum

12 2299 21 2331 ς
79 2274 296 2331 amicitia,
323 2288 428 2320 cum
451 2273 544 2320 mei
568 2273 727 2319 fratris
755 2272 947 2332 collegia
971 2277 1072 2320 tum
1107 2274 1173 2319 rei
1207 2273 1418 2333 publicae
1453 2288 1592 2320 causa

79 2357 286 2404 sociarat.
360 2356 481 2403 Vide
500 2371 623 2402 nunc
645 2355 890 2415 caliginem
915 2360 1175 2416 temporum
1199 2355 1396 2403 illorum.
1471 2355 1590 2402 Cum
1615 2363 1673 2410 96

79 2441 181 2500 ipsa
212 2454 354 2500 paene
386 2439 538 2486 insula
569 2439 685 2485 mihi
721 2454 818 2485 sese
854 2439 1039 2485 obviam
1074 2438 1192 2485 ferre
1226 2437 1380 2496 vellet,
1408 2442 1592 2498 praetor

80 2523 172 2582 ille,
210 2522 415 2570 eiusdem
451 2522 629 2568 tribuni
664 2521 812 2581 plebis
849 2521 1142 2568 contionibus
1177 2524 1364 2580 propter
1398 2520 1590 2567 eandem

19 2628 59 2666 ³3³⁵
82 2606 146 2652 rei
171 2605 381 2665 publicae
407 2620 593 2651 causam
618 2620 753 2664 saepe
777 2608 986 2663 vexatus,
1013 2603 1130 2650 nihil
1153 2603 1352 2663 amplius
1376 2603 1478 2649 dico
1502 2603 1592 2649 nisi

20 2715 37 2747 ἴ
82 2703 154 2734 me
179 2688 226 2733 in
253 2687 457 2734 Siciliam
476 2687 632 2734 venire
653 2686 816 2733 noluit.
891 2686 1014 2743 Quid
1037 2685 1221 2733 dicam?
1290 2686 1341 2732 O.
1370 2685 1589 2745 Vergilio,

820 2782 851 2815 Ε
