1846 2996
77 171 168 214 §92
450 165 558 207 PRO
588 164 677 206 CN.
711 163 961 206 PLANCIO
992 162 1203 204 ORATIO
1528 161 1580 206 47

80 301 339 359 imminuta,
379 298 503 358 quod
544 299 833 357 peremptum
871 300 991 343 esset
1032 310 1134 342 mea
1168 298 1315 342 morte
1351 294 1399 340 id
1435 309 1582 340 exem-

80 384 222 444 plum,
267 382 418 442 qualis
458 381 646 427 futurus
693 380 742 425 in
783 394 856 426 1116
902 378 1143 425 retinendo
1184 378 1349 424 fuisset
1394 382 1583 424 senatus

82 465 368 526 populusque
401 464 648 510 Romanus.
724 461 800 507 An
829 462 868 507 si
903 476 1108 521 unquam
1131 461 1258 507 vitae
1283 460 1512 520 cupiditas
1536 460 1583 505 in

81 563 154 594 me
180 547 354 605 fuisset,
383 561 466 606 ego
489 560 644 592 mense
679 544 927 590 Decembri
958 544 1050 590 mei
1085 543 1351 590 consulatus
1379 543 1585 589 omnium

41 654 58 685 5
83 630 413 690 parricidarum
437 628 532 675 tela
555 627 888 674 commossem?
922 642 1051 686 quae,
1080 627 1119 672 si
1154 626 1323 685 viginti
1357 625 1587 685 quiessem

83 713 192 771 dies,
222 713 270 758 in
296 711 491 758 aliorum
515 709 725 769 vigiliam
750 708 990 755 consulum
1014 708 1296 756 recidissent.
1355 707 1504 764 Quam
1529 706 1588 752 ob

83 810 192 854 rem,
221 795 260 840 si
295 795 420 840 vitae
455 792 684 852 cupiditas
721 795 881 837 contra
915 807 1012 838 rem
1048 791 1279 850 publicam
1316 794 1386 837 est
1421 790 1584 849 turpis,

85 882 207 924 certe
247 875 396 922 multo
438 875 601 922 mortis
642 873 873 933 cupiditas
914 889 1018 920 mea
1058 873 1236 933 turpior
1277 873 1442 920 fuisset
1482 887 1587 919 cum
1666 896 1668 899 ·

85 959 283 1019 pernicie
308 958 524 1005 civitatis.

86 1114 129 1161 ἓξ
163 1112 308 1151 91-94.
360 1111 496 1151 Cicero
526 1110 661 1149 ‘rebuts
699 1107 946 1148 Laterensis'
978 1109 1145 1160 reproof
1175 1109 1264 1148 that
1295 1109 1344 1148 he
1379 1108 1464 1147 had
1498 1108 1591 1147 been

194 1177 455 1216 inconsistent
488 1177 537 1215 in
569 1175 635 1214 his
661 1175 806 1227 public
841 1175 915 1226 life
943 1174 1031 1213 and
1052 1174 1252 1225 forfeited
1279 1173 1347 1213 his
1379 1173 1524 1224 liberty
1549 1174 1597 1223 of

194 1242 342 1290 action,
369 1241 418 1291 by
437 1240 634 1292 pointiny
661 1243 731 1278 out
759 1239 848 1278 that
867 1251 895 1278 a
923 1251 1025 1277 man
1043 1241 1154 1278 must
1182 1237 1422 1277 sometimes
1441 1237 1592 1288 reyard

195 1307 262 1346 his
281 1319 371 1345 own
389 1307 519 1356 safety
539 1306 648 1356 after
666 1305 791 1355 doing]
809 1304 876 1343 his
895 1303 972 1343 best
989 1304 1068 1355 for
1086 1303 1150 1342 the
1168 1304 1299 1354 safety
1318 1303 1365 1354 of
1378 1303 1441 1342 the
1461 1303 1585 1342 State.

195 1371 235 1411 A
262 1371 487 1422 politician
515 1373 625 1410 ‘must
645 1370 773 1420 adapt
792 1369 968 1420 himself
988 1372 1027 1408 to
1047 1368 1253 1419 chanyinq
1281 1369 1593 1408 circumstances

196 1437 241 1488 if
252 1448 460 1487 necessary
467 1437 544 1487 sor
563 1435 627 1475 the
640 1435 783 1487 public
801 1435 911 1485 qood.

29 1559 66 1579 ιο
174 1525 299 1577 Nam
324 1531 448 1590 quod
472 1534 519 1577 te
538 1546 635 1577 esse
654 1530 701 1576 111
720 1545 768 1576 16
786 1529 971 1589 publica
992 1529 1190 1576 liberum
1216 1545 1263 1576 es
1286 1529 1522 1588 gloriatus,
1545 1529 1592 1575 id
1616 1529 1673 1575 91

89 1629 173 1673 ego
197 1617 245 1660 et
269 1613 417 1660 fateor
440 1617 487 1660 et
511 1613 658 1659 laetor
680 1616 728 1659 et
753 1612 841 1659 tibi
865 1613 1007 1659 etiam
1026 1613 1074 1658 in
1098 1612 1184 1659 hoc
1207 1612 1437 1672 gratulor:
1471 1612 1593 1672 quod

89 1711 162 1742 me
209 1700 365 1742 autem
411 1695 607 1755 negasti,
645 1695 694 1741 in
742 1710 793 1741 eo
833 1710 980 1754 neque
1028 1698 1074 1741 te
1121 1710 1269 1754 neque
1317 1709 1594 1754 quemquam

89 1777 267 1823 diutius
303 1778 455 1837 patiar
490 1793 650 1826 errare.
725 1776 1012 1825 XXXVIII.
1053 1777 1179 1823 Nam
1212 1778 1252 1823 si
1287 1778 1390 1837 quis
1425 1777 1594 1824 idcirco

90 1859 265 1918 aliquid
301 1860 357 1906 de
389 1859 608 1906 libertate
632 1875 736 1906 mea
759 1859 1052 1906 deminutum
1081 1864 1231 1919 putat,
1261 1859 1384 1920 quod
1419 1875 1511 1907 non
1535 1859 1595 1906 ab

31 1965 67 1995 15
91 1942 303 1988 omnibus
339 1942 526 2002 eisdem,
559 1958 587 1988 a
621 1942 789 2002 quibus
824 1947 962 1989 antea
996 1942 1160 1989 solitus
1195 1958 1299 1989 sum
1334 1943 1591 2003 dissentire,

91 2024 374 2083 dissentiam,
411 2026 624 2085 primum,
664 2025 704 2071 si
738 2025 855 2072 bene
889 2025 946 2072 de
982 2041 1054 2072 me
1090 2026 1267 2072 meritis
1301 2030 1487 2085 gratum
1522 2041 1595 2072 me

92 2107 297 2167 praebeO,
326 2123 417 2154 non
442 2108 600 2154 desino
623 2109 854 2155 incurrere
885 2109 934 2154 in
959 2109 1130 2155 crimen
1165 2108 1365 2154 hominis
1400 2108 1596 2154 nimium

93 2191 305 2236 memoris
330 2190 615 2250 nimiumque
639 2191 762 2250 grati
779 2209 793 2252 3
829 2191 900 2237 sin
924 2195 1082 2238 autem
1106 2191 1354 2250 aliquando
1378 2191 1477 2237 sine
1501 2190 1597 2237 ullo

93 2273 158 2319 rei
181 2272 391 2331 publicae
409 2273 690 2320 detrimento
715 2273 908 2333 respicio
927 2274 1071 2320 etiam
1094 2273 1294 2320 salutem
1318 2289 1423 2320 cum
1446 2288 1597 2320 meam

31 2379 72 2400 20
94 2359 197 2400 tum
232 2370 453 2411 meorum,
481 2360 602 2403 certe
630 2372 723 2403 non
751 2356 888 2403 modo
913 2372 1005 2403 non
1040 2371 1143 2403 sum
1180 2355 1592 2415 reprehendendus,

93 2437 175 2484 sed
199 2435 341 2484 etiam
365 2439 405 2485 si
428 2454 559 2486 ruere
582 2439 763 2498 vellem,
792 2439 902 2486 boni
925 2440 1014 2486 viri
1038 2454 1124 2500 me,
1152 2443 1206 2486 ut
1231 2439 1279 2486 id
1303 2454 1361 2486 ne
1385 2439 1593 2498 facerem,

95 2525 321 2580 rogarent.
395 2522 487 2569 Res
515 2537 624 2569 vero
651 2523 753 2582 ipsa
788 2522 984 2582 publica,
1013 2523 1052 2569 si
1087 2522 1213 2582 loqui
1249 2526 1415 2582 posset,
1442 2525 1598 2581 ageret
1622 2524 1679 2571 92

96 2618 274 2650 mecum
317 2607 383 2664 ut,
429 2605 647 2664 quoniam
693 2605 784 2652 sibi
831 2604 1075 2652 servissem
1123 2620 1314 2665 semper,
1360 2619 1598 2663 nunquam

97 2686 225 2739 mihi,
253 2686 431 2734 fructus
463 2691 619 2734 autem
644 2702 700 2734 ex
728 2702 826 2734 sese
850 2702 954 2747 non,
982 2691 1037 2734 ut
1062 2689 1353 2747 oportuisset,
1381 2686 1527 2734 laetos
1551 2690 1599 2734 et
