1846 2996
115 172 204 211 §48
480 168 587 210 PRO
619 168 707 209 CN.
744 168 992 210 PLANCIO
1022 167 1235 209 ORATIO
1559 170 1611 207 23

114 316 194 348 cur
239 316 287 348 se
335 302 628 361 potissimum
676 301 908 361 delegeris,
954 316 1035 347 cur
1075 300 1271 359 denique
1313 315 1360 346 se
1403 299 1612 346 divinare

114 383 329 430 malueris
370 399 509 444 quam
550 399 639 443 eos,
679 384 759 443 qui
799 385 983 443 scirent,
1022 383 1255 430 iudicaret
1335 382 1471 429 XIX.
1513 383 1612 442 Ego

118 466 369 524 Plancium,
412 466 688 523 Laterensis,
725 469 772 512 et
807 466 957 525 ipsum
999 466 1253 525 gratiosum
1289 479 1386 512 esse
1427 464 1528 511 dico
1563 468 1612 511 et

117 548 329 595 habuisse
361 549 409 594 in
441 549 663 607 petitione
689 548 861 594 multos
891 548 1079 608 cupidos
1104 548 1176 594 sui
1207 547 1459 607 gratiosos:
1497 562 1611 606 quos

74 649 93 680 5
116 634 167 677 tu
191 631 229 677 si
253 630 432 677 sodales
455 645 604 688 vocaS,
633 630 880 677 officiosam
904 631 1158 677 amicitiam
1181 631 1365 676 nomine
1397 630 1612 689 inquinas

113 713 384 760 criminoso:
421 713 642 773 sin,‚quia
676 713 866 772 gratiosi
898 713 1006 772 sint,
1035 712 1313 759 accusandos
1337 715 1487 772 putas,
1517 710 1613 758 noli

113 794 271 842 mirari
307 798 353 841 te
389 794 450 853 id,
490 794 612 853 quod
647 798 730 841 tua
770 795 974 854 dignitas
1014 793 1276 854 postularit,
1316 794 1612 853 repudiandis

112 877 416 937 gratiosorum
441 876 659 923 amicitiis
684 892 775 923 non
800 892 896 924 esse
926 877 1208 924 adsecutum.
1282 877 1406 923 Nam
1438 881 1494 924 ut
1530 893 1612 937 ego
1636 881 1694 930 47

68 1000 71 1006 s
113 959 252 1006 doceo
276 959 530 1018 gratiosum
556 974 652 1005 esse
677 960 725 1005 in
750 974 833 1006 sua
857 959 983 1006 tribu
1009 959 1262 1019 Plancium,
1292 960 1415 1019 quod
1450 960 1613 1007 multis

52 1068 91 1089 10
112 1042 308 1101 benigne
333 1041 503 1100 fecerit,
527 1056 608 1101 pro
626 1041 788 1088 multis
807 1041 1116 1101 spoponderit,
1138 1043 1186 1088 in
1207 1057 1366 1100 operas
1390 1042 1614 1102 plurimos

113 1124 259 1183 patris
277 1124 552 1169 auctoritate
572 1127 619 1170 et
643 1124 793 1183 gratia
817 1124 1007 1182 miserit,
1030 1123 1152 1183 quod
1177 1124 1375 1184 denique
1400 1125 1614 1172 omnibus

114 1207 271 1253 officiis
326 1221 406 1266 per
452 1221 512 1263 se,
561 1221 641 1265 per
698 1210 890 1266 patrem,
941 1221 1022 1266 per
1067 1206 1262 1253 maiores
1310 1222 1417 1253 suos
1463 1211 1614 1254 totam

113 1289 356 1335 Atinatem
392 1288 728 1347 praefecturam
763 1288 1174 1348 comprehenderit,
1214 1290 1280 1335 sic
1314 1293 1368 1335 tu
1404 1289 1514 1336 doce
1548 1305 1615 1337 se-

113 1375 346 1431 questrem
401 1371 556 1431 fuisse,
606 1371 826 1430 largitum
874 1387 983 1430 esse,
1035 1372 1367 1431 conscripsisse,
1419 1372 1614 1419 tribules

55 1471 89 1504 15
114 1455 430 1501 decuriavisse.
507 1453 640 1511 Quod
677 1454 716 1500 si
752 1469 842 1500 non
879 1458 1024 1514 potes,
1053 1454 1150 1500 noli
1186 1454 1347 1501 tollere
1377 1470 1433 1501 ex
1457 1455 1615 1503 ordine

113 1542 269 1584 nostro
297 1537 639 1596 liberalitatem,
669 1536 763 1582 noli
788 1536 1064 1583 maleficium
1090 1541 1253 1597 putare
1278 1552 1375 1584 esse
1399 1539 1611 1597 gratiam,

114 1621 208 1668 noli
233 1621 575 1668 observantiam
601 1621 775 1667 sancire
799 1635 958 1679 poena.

199 1704 364 1763 Itaque
400 1703 709 1749 haesitantem
746 1706 793 1748 te
828 1703 877 1748 in
913 1701 998 1748 hoc
1033 1701 1353 1748 sodaliciorum
1391 1703 1616 1749 tribuario

115 1786 304 1832 crimine
327 1785 387 1832 ad
416 1798 705 1831 communem
732 1784 938 1830 ambitus
963 1799 1149 1830 causam
1173 1784 1425 1842 contulisti,
1452 1785 1500 1831 in
1525 1800 1618 1844 qua

54 1891 94 1912 20
116 1869 376 1916 desinamus
417 1869 675 1928 aliquandO,
724 1869 764 1914 si
806 1868 1005 1926 videtur,
1050 1866 1232 1926 vulgari
1273 1871 1319 1913 et
1366 1871 1619 1927 pervagata

115 1952 445 1999 declamatione
471 1952 756 1998 contendere.
834 1950 909 1998 Sic
942 1951 1062 1996 enim
1101 1954 1254 1996 tecum
1293 1965 1390 2009 ago.
1466 1950 1616 2007 Quam
1640 1961 1698 2007 48

115 2035 202 2081 tibi
243 2035 531 2081 commodum
568 2039 653 2094 est,
692 2034 870 2080 tribum
906 2049 1046 2079 unam
1090 2033 1238 2092 delige
1254 2049 1268 2092 3
1309 2037 1365 2079 tu
1405 2033 1516 2079 doce
1551 2033 1612 2094 id,

115 2117 237 2176 quod
272 2117 423 2176 debes
452 2133 532 2176 per
567 2132 704 2176 quem
738 2120 1035 2175 sequestrem,
1065 2131 1156 2175 quo
1181 2115 1379 2162 divisore
1404 2120 1618 2175 corrupta

115 2199 178 2245 sit
195 2215 207 2257 3
243 2213 340 2258 ego,
367 2199 406 2244 si
441 2199 488 2244 id
524 2199 672 2245 facere
708 2214 797 2244 non
835 2198 1052 2258 potueris,
1083 2198 1219 2258 quod,
1248 2202 1302 2244 ut
1335 2198 1486 2258 opinio
1515 2213 1618 2245 mea

54 2299 93 2329 25
116 2281 218 2338 fert,
241 2296 297 2327 ne
321 2281 510 2340 incipies
527 2281 726 2340 quidem,
750 2296 830 2340 per
853 2295 990 2339 quem
1015 2280 1189 2338 tulerit,
1213 2280 1396 2329 docebo,
1472 2280 1617 2328 Estne

117 2363 228 2409 haec
261 2378 370 2409 vera
410 2363 678 2410 contentio?
726 2363 936 2422 placetne
978 2363 1041 2408 sic
1083 2363 1189 2422 agi2
1260 2362 1389 2409 Num
1430 2378 1617 2423 possum

117 2447 262 2505 magis
297 2446 459 2506 pedem
500 2447 716 2505 conferre,
754 2451 809 2492 ut
844 2447 988 2504 aiunt,
1029 2451 1112 2492 aut
1152 2447 1339 2506 propius
1375 2447 1619 2495 accedere?

119 2527 241 2585 Quid
260 2529 416 2576 taces‘l
449 2529 561 2588 quid
581 2529 876 2575 dissimulas?
910 2528 1022 2587 quid
1041 2529 1389 2588 tergiversaris?
1459 2530 1616 2576 Etiam

117 2614 257 2669 atque
282 2611 422 2656 etiam
446 2611 570 2657 insto
594 2615 733 2670 atque
758 2625 910 2669 urgeo,
939 2611 1148 2669 insector,
1178 2626 1313 2670 posco
1338 2615 1477 2671 atque
1503 2613 1616 2659 adeo

57 2721 97 2751 30
117 2693 276 2752 flagito
311 2694 509 2741 crimen:
553 2707 872 2752 quamcunque
908 2692 1095 2751 tribum,
1135 2693 1337 2753 inquam,
1378 2693 1614 2755 delegeris,
