1846 2996
0 1088 35 1110 10

0 1501 36 1532 15

49 197 67 234 ἓ
89 195 165 232 104
422 190 531 231 PRO
562 190 652 232 CN.
689 190 939 231 PLANCIO
969 190 1183 231 ORATIO
1509 193 1560 230 53

51 325 254 385 optimus
297 324 560 370 obtestatur
601 338 766 383 parens
800 326 848 370 et
884 339 965 383 pro
1006 339 1099 370 uno
1141 323 1236 369 filio
1277 323 1368 369 duo
1410 328 1564 382 patres

51 408 359 467 deprecamur.
435 405 608 463 Nolite,
648 405 835 463 iudices,
874 421 955 465 per
995 421 1089 466 vos,
1118 421 1198 465 per
1232 406 1456 463 fortunas,
1484 420 1564 465 per
1589 412 1675 457 103

51 489 219 536 liberos
243 493 435 547 vestros,
463 488 662 534 inimicis
687 488 815 546 meis,
844 489 902 533 iis
925 489 1209 548 praesertim,
1238 503 1351 548 quos
1376 503 1459 547 ego
1483 503 1565 547 pro

53 576 209 618 vestra
231 571 384 618 salute
407 571 598 630 suscepi,
627 570 737 616 dare
768 569 1001 617 laetitiam
1035 571 1342 630 gloriantibus
1366 586 1448 617 vos
1472 571 1566 616 iam

55 654 223 700 oblitos
258 654 351 700 mei
385 653 551 699 salutis
587 653 697 712 eius,
727 668 755 698 a
779 668 870 712 quo
893 668 996 699 mea
1028 653 1152 700 salus
1185 658 1455 701 conservata
1479 658 1563 711 est,

55 737 210 782 hostes
246 737 477 782 exstitisse
494 753 509 796 3
549 735 694 782 nolite
734 735 942 781 animum
983 751 1138 782 meum
1180 736 1423 782 debilitare
1459 751 1564 783 cum

55 820 184 866 luctu
209 823 310 865 tum
336 820 478 865 etiam
503 823 632 864 metu
651 821 963 864 commutatae
983 822 1164 865 vestrae
1183 819 1441 865 voluntatis
1460 834 1567 879 erga

57 918 129 948 me
147 919 160 962 3
195 902 334 948 sinite
358 917 444 960 me,
469 900 592 961 quod
615 900 749 947 vobis
773 901 921 947 fretus
945 900 1052 946 huic
1076 917 1212 961 saepe
1236 901 1438 960 promisi,
1466 901 1514 947 id
1538 917 1566 946 a

56 985 187 1031 vobis
223 985 266 1031 ei
300 983 567 1044 persolvere.
644 983 811 1042 Teque,
853 982 903 1037 O,
945 983 1100 1043 Flave,
1140 1000 1218 1031 oro
1259 988 1306 1031 et
1342 985 1561 1040 obtestor,
1589 977 1676 1022 104

58 1067 138 1127 qui
161 1082 367 1112 meorum
403 1066 696 1112 consiliorum
719 1065 769 1111 in
794 1065 1037 1112 consulatu
1072 1066 1231 1125 socius,
1260 1067 1566 1127 periculorum

58 1150 300 1208 particeps,
322 1164 473 1194 rerum
498 1163 613 1208 quas
630 1149 752 1208 gessi
775 1148 960 1194 adiutor
982 1149 1116 1195 fuisti
1134 1164 1298 1209 meque
1316 1165 1408 1195 non
1431 1149 1567 1195 modo

59 1231 240 1277 salvum
287 1246 477 1290 semper,
524 1231 605 1277 sed
658 1232 800 1277 etiam
842 1234 1058 1277 ornatum
1099 1231 1430 1291 florentemque
1471 1247 1569 1279 esse

59 1313 263 1372 voluisti,
285 1318 340 1360 ut
357 1314 473 1359 mihi
497 1329 578 1373 per
601 1313 685 1360 hos
711 1329 952 1360 conserves
977 1329 1095 1372 eum,
1117 1330 1198 1374 per
1222 1330 1359 1374 quem
1381 1330 1455 1361 me
1480 1315 1569 1361 tibi

60 1400 108 1443 et
147 1396 222 1442 his
263 1395 586 1442 conservatum
626 1396 769 1443 vides.
844 1395 988 1442 Plura
1028 1411 1085 1442 ne
1132 1397 1295 1457 dicam,
1340 1401 1449 1443 tuae
1494 1413 1569 1444 me

61 1480 202 1525 etiam
237 1478 450 1525 lacrimae
485 1479 745 1539 impediunt
768 1483 1052 1538 vestraeque,
1081 1479 1267 1537 iudices,
1291 1495 1383 1526 non
1419 1480 1568 1527 solum

62 1577 202 1620 meae,
231 1562 398 1621 quibus
421 1577 505 1621 ego
528 1576 696 1621 magno
729 1562 779 1607 in
813 1565 944 1608 metu
979 1576 1081 1608 meo
1116 1562 1272 1608 subito
1307 1563 1497 1608 inducor
1520 1563 1568 1608 in

61 1659 202 1703 spem,
231 1659 313 1690 vos
337 1644 520 1690 eosdem
544 1645 592 1690 in
616 1643 702 1690 hoc
726 1644 1038 1691 conservando
1061 1644 1254 1704 futuros,
1283 1645 1364 1704 qui
1387 1644 1569 1690 fueritis

62 1727 111 1772 in
147 1742 231 1785 me,
272 1725 490 1786 quoniam
525 1726 630 1773 istis
669 1727 838 1773 vestris
879 1726 1080 1773 lacrimis
1123 1727 1179 1773 de
1213 1727 1307 1773 illis
1343 1727 1563 1786 recordor,

63 1824 177 1868 quas
200 1824 283 1869 pro
306 1824 379 1856 me
403 1824 537 1869 saepe
560 1813 608 1856 et
631 1809 833 1856 multum
855 1809 1139 1870 profudistis.
