1846 2996
124 157 143 196 ἒ
163 156 187 194 6
501 150 608 192 PRO
639 150 727 192 CN.
762 150 1010 192 PLANCIO
1043 151 1255 192 ORATIO
1599 155 1624 195 3

125 287 291 334 merita
328 286 411 333 Cn.
439 285 618 332 Plancii
650 300 758 344 erga
780 300 854 331 me
877 286 1056 331 minora
1079 301 1177 332 esse
1201 285 1405 333 dicerent
1436 302 1576 346 quam
1600 304 1627 334 a

125 384 198 415 me
221 369 320 428 ipso
348 368 733 427 praedicarentur,
761 371 844 413 aut
868 368 908 413 si
932 372 1084 414 essent
1109 383 1301 426 summa,
1330 374 1551 428 negarent
1575 385 1628 416 ea

126 456 281 497 tamen
305 451 373 496 ita
396 450 564 509 magni,
592 453 647 495 ut
676 464 760 508 ego
788 453 1012 509 putarem,
1041 450 1254 509 ponderis
1277 451 1399 509 apud
1423 467 1506 497 vos
1530 467 1628 499 0880

125 533 318 580 debere:
355 532 467 578 haec
490 531 604 578 mihi
639 535 749 578 sunt
782 532 1038 589 tractanda,
1066 532 1249 591 iudices,
1279 538 1326 578 et
1355 533 1543 593 modice,
1570 550 1628 581 110

84 633 102 664 5
125 615 237 674 quid
283 615 379 674 ipse
427 614 669 671 offendam,
710 618 758 660 et
804 618 906 660 tum
954 614 1164 674 denique,
1210 630 1314 661 cum
1355 617 1629 675 respondero

125 696 407 754 criminibus,
430 711 487 742 ne
511 711 603 741 non
627 699 725 742 tam
749 696 1012 741 innocentia
1036 711 1139 742 reus
1158 712 1241 742 sua
1264 713 1403 756 quam
1427 699 1629 745 recorda-

126 779 251 826 tione
274 794 481 825 meorum
506 782 765 838 temporum
789 777 1005 824 defensus
1029 793 1128 825 esse
1151 779 1377 826 videatur.

125 953 170 1000 §§
188 952 307 992 5-35.
341 953 416 1002 My
441 956 637 1003 opponent
664 953 811 991 almost
841 952 1009 1002 compels
1031 965 1094 990 me
1121 956 1158 991 to
1182 952 1300 992 make
1323 966 1352 992 a
1375 955 1631 1005 compar-zeon

235 1017 402 1056 between
433 1017 607 1067 himself
633 1017 720 1056 and
752 1029 822 1067 my
844 1017 965 1056 client
978 1032 995 1064 ;
1030 1017 1098 1056 but
1132 1017 1196 1056 the
1224 1030 1310 1057 case
1338 1019 1459 1069 ouqht
1492 1023 1560 1059 ‘not
1594 1023 1631 1059 to

235 1083 335 1121 have
352 1082 445 1121 been
463 1082 583 1121 made
602 1095 630 1120 a
641 1083 838 1132 personal
856 1083 1051 1133 question.
1095 1083 1332 1122 Laterensis
1351 1084 1427 1123 has
1444 1097 1497 1123 πο
1520 1085 1631 1135 riykt

234 1151 272 1186 to
287 1147 493 1198 compca-in
512 1147 600 1186 that
612 1147 815 1186 Plancius
827 1160 914 1186 was
925 1148 1141 1198 preferred
1156 1151 1193 1186 to
1207 1148 1299 1187 him
1312 1163 1329 1196 ;
1343 1149 1421 1199 for
1435 1150 1494 1199 (§§
1508 1150 1630 1200 5-11)

234 1213 298 1252 the
310 1213 462 1263 people,
487 1213 535 1251 in
554 1213 721 1262 electiny
747 1215 785 1251 to
811 1216 909 1251 state
933 1212 1066 1262 offices,
1091 1214 1182 1252 does
1199 1217 1269 1252 not
1284 1213 1414 1265 judge
1434 1228 1443 1263 ;
1473 1215 1559 1254 aad
1576 1216 1626 1266 if,

234 1290 282 1316 as
300 1278 338 1316 is
363 1278 471 1327 often
497 1276 560 1316 the
584 1289 681 1324 case,
707 1277 742 1315 it
758 1277 928 1326 follows
952 1277 1007 1315 its
1033 1289 1126 1316 oum
1147 1278 1316 1327 caprice,
1342 1290 1400 1316 we
1419 1282 1530 1317 must
1550 1282 1632 1330 put

235 1355 292 1393 up
311 1341 413 1381 with
431 1342 476 1380 ic.

212 1439 302 1486 Sed
338 1438 453 1484 mihi
489 1438 538 1484 in
574 1453 711 1484 causa
744 1438 871 1485 facili
905 1442 1048 1498 atque
1072 1439 1302 1499 explicata
1335 1441 1628 1501 perdifficilis,
1655 1450 1683 1495 5

127 1523 311 1580 iudiceS‚
341 1525 388 1568 et
419 1521 596 1567 lubrica
619 1520 896 1567 defensionis
921 1522 1040 1567 ratio
1067 1524 1352 1582 proponitur.
1427 1523 1565 1584 Nam,
1593 1525 1633 1571 si

67 1633 107 1653 10
128 1609 312 1651 tantum
337 1603 473 1649 modo
491 1603 607 1649 mihi
630 1618 812 1649 11000880
831 1607 954 1650 esset
972 1608 1133 1650 contra
1151 1604 1448 1651 Laterensem
1468 1606 1630 1666 dicere,

129 1692 284 1734 tamen
302 1686 350 1732 id
368 1687 521 1746 ipsum
540 1690 659 1732 esset
678 1686 727 1731 in
746 1689 882 1732 tanto
900 1701 988 1732 usu
1007 1691 1165 1733 nostro
1184 1690 1409 1747 tantaque
1429 1690 1634 1736 amicitia

127 1769 384 1816 molestum.
481 1767 632 1814 Vetus
677 1772 749 1814 est
796 1769 918 1815 enim
965 1769 1040 1815 lex
1087 1769 1168 1816 illa
1214 1771 1362 1817 iustae
1409 1787 1633 1831 veraeque

128 1853 370 1910 amicitiae,
399 1866 516 1910 quae
541 1851 657 1896 mihi
689 1866 794 1897 cum
827 1851 908 1897 illo
931 1852 1026 1897 iam
1058 1852 1139 1898 diu
1163 1857 1246 1912 est,
1274 1857 1329 1899 ut
1352 1854 1474 1900 idem
1499 1855 1634 1900 amici

128 1949 306 1994 semper
320 1934 467 1979 velint
487 1951 496 1981 :
533 1948 680 1992 neque
699 1937 770 1979 est
789 1933 939 1980 ullum
958 1935 1189 1981 amicitiae
1208 1936 1379 1982 certius
1399 1936 1634 1983 vinculum
1676 1928 1684 1936 ⁸

69 2040 106 2071 15
129 2032 268 2077 quam
304 2031 550 2062 consensus
585 2020 633 2062 et
674 2017 868 2062 societas
903 2016 1197 2063 consiliorum
1233 2022 1280 2064 et
1320 2018 1630 2069 voluntatum.

131 2099 250 2145 Mihi
285 2102 440 2144 autem
472 2113 564 2144 non
599 2098 648 2144 id
684 2102 755 2144 est
789 2099 837 2144 in
871 2098 956 2144 hac
984 2114 1032 2144 re
1057 2099 1447 2161 molestissimum,
1476 2106 1635 2148 contra

130 2180 262 2226 illum
303 2180 462 2239 dicere,
501 2180 583 2226 sed
624 2180 774 2226 multo
815 2179 933 2226 illud
971 2181 1130 2240 magis,
1169 2181 1293 2240 quod
1327 2183 1375 2228 in
1412 2198 1465 2229 ea
1499 2199 1635 2231 causa

131 2266 289 2309 contra
324 2262 568 2308 dicendum
601 2266 683 2322 est,
712 2263 760 2308 in
793 2278 885 2322 qua
917 2262 1143 2322 quaedam
1167 2263 1407 2311 hominum
1430 2266 1632 2325 ipsorum

130 2345 315 2391 videtur
337 2344 546 2390 facienda
565 2360 662 2390 esse
686 2345 932 2391 contentiO.
1008 2344 1200 2401 Quaerit
1224 2347 1346 2392 enim
1371 2347 1635 2395 Laterensis
1657 2353 1685 2400 6

69 2449 110 2470 20
132 2431 270 2486 atque
307 2425 392 2472 hoc
422 2442 514 2472 uno
546 2427 745 2472 maxime
771 2428 918 2486 urget,
947 2442 1038 2486 qua
1073 2442 1121 2473 80
1157 2428 1345 2487 virtute,
1374 2445 1465 2488 qua
1499 2430 1634 2477 laude

134 2508 361 2566 Plancius,
407 2523 499 2567 qua
539 2508 766 2567 dignitate
807 2509 1046 2567 superarit.
1139 2509 1228 2567 Ita,
1274 2510 1313 2555 si
1354 2511 1463 2556 cedo
1510 2512 1634 2558 illius

133 2591 426 2647 ornamentis,
454 2605 570 2649 quae
595 2590 744 2636 multa
776 2594 823 2636 et
859 2605 1027 2648 magna
1051 2594 1174 2649 sunt,
1202 2606 1291 2636 non
1317 2592 1466 2638 solum
1497 2593 1635 2640 huius

133 2672 375 2731 dignitatis
423 2671 599 2717 iactura
650 2671 859 2717 facienda
906 2675 989 2730 est,
1040 2672 1119 2718 sed
1180 2674 1320 2718 etiam
1378 2673 1634 2733 largitionis
