1846 2996
209 194 276 247 32„
652 191 710 231 M.
744 190 916 233 TULLI
947 189 1253 232 CICERONIS
1615 195 1635 234 ἃ
1655 193 1705 231 63

209 327 340 385 quasi
397 326 641 385 quisquam
699 325 774 383 sit,
828 324 909 384 qui
949 324 1051 372 sibi
1102 324 1226 370 hunc
1284 324 1455 370 falsum
1503 324 1560 370 de
1609 325 1708 370 iure

209 408 495 468 respondisse
519 408 656 454 dicat.
745 407 918 453 Omnes
953 407 1076 453 enim
1107 407 1244 453 istius
1279 406 1406 452 modi
1434 411 1559 453 artes
1578 407 1626 452 in
1650 407 1708 452 iis

208 491 616 551 reprehenduntur,
652 490 733 549 qui
768 505 872 536 cum
906 489 1099 549 professi
1133 493 1255 548 sunt,
1288 489 1401 535 satis
1435 489 1582 535 facere
1616 503 1707 534 non

207 577 413 633 possunt,
458 588 550 619 non
595 573 643 618 in
689 573 759 631 iis,
810 572 891 631 qui
947 587 995 618 se
1048 571 1219 617 afuisse
1276 570 1336 616 ab
1387 571 1490 617 istis
1541 570 1709 616 studiis

209 656 498 702 confitentur.
585 654 762 713 Virtus,
805 654 1023 713 probitas,
1067 653 1313 713 integritas
1353 653 1401 698 in
1447 652 1704 711 candidato,
1732 674 1751 703 5

209 753 300 784 non
346 737 529 796 linguae
576 736 856 795 volubilitas,
902 751 994 781 non
1034 751 1121 794 ars,
1166 750 1258 781 non
1299 734 1492 781 scientia
1539 734 1710 793 requiri

209 820 338 867 solet.
435 819 506 866 Ut
552 831 635 865 nos
680 819 729 865 in
781 819 1022 878 mancipiis
1068 817 1284 877 parandis
1331 817 1542 876 quamvis
1588 816 1710 875 frugi

208 902 454 961 hominem,
500 902 539 947 si
578 917 660 961 pro
701 900 831 947 fabro
869 904 952 946 aut
997 914 1081 959 pro
1126 902 1299 946 tectore
1345 896 1553 956 emimus,
1593 898 1711 944 ferre

209 984 401 1031 moleste
442 983 654 1043 solemus,
694 983 735 1029 si
774 998 851 1029 eas
892 986 1029 1040 artes,
1071 997 1185 1041 quas
1232 982 1281 1027 in
1328 980 1520 1027 emendo
1564 981 1710 1027 secuti

209 1082 380 1126 sumus,
415 1066 534 1113 forte
569 1066 792 1123 nesciunt,
819 1065 891 1111 sin
920 1068 1078 1111 autem
1114 1064 1322 1121 emimus,
1349 1078 1486 1129 quem
1520 1063 1710 1109 vilicum
1735 1088 1776 1108 10

210 1150 557 1209 imponeremus,
586 1164 723 1208 quem
754 1148 906 1208 pecori
936 1146 1296 1206 praeficeremus,
1325 1145 1442 1191 nihil
1474 1146 1520 1190 in
1546 1160 1598 1191 eo
1621 1145 1710 1191 nisi

209 1232 539 1292 frugalitatem,
595 1230 812 1289 laborem,
871 1229 1165 1288 vigilantiam
1224 1243 1322 1274 esse
1380 1243 1605 1287 curamus,
1646 1228 1711 1273 sic

210 1315 406 1374 populus
442 1314 680 1360 Romanus
714 1312 878 1372 deligit
913 1312 1214 1370 magistratus
1246 1310 1379 1369 quasi
1409 1310 1475 1356 rei
1502 1309 1710 1370 publicae

210 1397 370 1443 vilicos
390 1414 400 1456 3
435 1397 483 1442 in
507 1395 675 1455 quibus
699 1395 739 1441 si
763 1410 854 1454 qua
877 1398 1116 1454 praeterea
1139 1397 1210 1439 est
1233 1408 1320 1450 ars,
1348 1392 1480 1438 facile
1503 1392 1711 1452 patitur,

210 1480 282 1526 sin
321 1479 488 1537 minus,
530 1479 704 1525 virtute
745 1493 904 1524 eorum
946 1480 994 1523 et
1034 1476 1302 1523 innocentia¹
1338 1478 1582 1521 contentus
1623 1477 1707 1520 est.
1736 1498 1775 1527 15

212 1562 393 1619 Quotus
450 1562 573 1607 enim
625 1561 818 1620 quisque
867 1559 1079 1617 disertus
1135 1562 1304 1618 quotus
1356 1557 1548 1616 quisque
1599 1556 1712 1601 iuris

211 1644 386 1703 peritus
424 1647 507 1702 est,
547 1647 601 1689 ut
641 1657 718 1689 eos
755 1656 978 1697 numeres,
1018 1641 1098 1700 qui
1139 1640 1304 1686 volunt
1339 1638 1470 1686 esse‘l
1538 1638 1712 1694 Quodsi

211 1730 446 1786 praeterea
479 1741 613 1772 nemo
649 1729 720 1771 est
755 1724 926 1771 honore
957 1724 1137 1782 dignus,
1166 1722 1387 1782 quidnam
1421 1725 1494 1768 tot
1526 1720 1713 1780 optimis

212 1813 259 1855 et
284 1808 587 1855 ornatissimis
612 1807 789 1854 civibus
815 1811 885 1853 est
909 1806 1153 1852 futurum?
1330 1808 1333 1814 ’

211 1975 255 2022 ἓξ
289 1971 446 2014 63-67.
485 1972 631 2021 Cicero,
652 1972 702 2011 ivi
721 1983 882 2011 answer
901 1974 938 2010 to
955 1969 1014 2021 (4)
1040 1966 1218 2009 Cassius’
1241 1969 1387 2019 euloqy
1403 1969 1452 2019 of
1465 1964 1710 2007 Laterensis'

319 2038 485 2077 services
515 2038 563 2075 in
595 2037 660 2076 the
685 2036 913 2086 provinces,
953 2034 1044 2074 tells
1076 2046 1135 2073 απ
1165 2033 1349 2073 anecdota
1366 2034 1488 2083 from
1519 2032 1586 2072 his
1622 2044 1714 2071 own

320 2103 547 2154 eoeperience
571 2106 608 2141 to
636 2102 746 2141 show
765 2101 855 2140 how
884 2101 989 2139 little
1013 2100 1150 2150 people
1180 2099 1229 2137 in
1255 2099 1381 2137 Rome
1410 2098 1530 2137 know
1549 2110 1595 2136 or
1622 2109 1713 2136 care

321 2168 443 2207 about
465 2167 705 2218 provincial
724 2166 885 2216 affairs.
949 2164 1052 2203 Had
1079 2164 1314 2203 Laterensis
1341 2164 1475 2213 really
1493 2161 1648 2201 wished
1675 2164 1714 2200 to

321 2233 534 2273 conciliate
553 2232 618 2271 the
639 2232 780 2282 people
808 2231 856 2270 he
880 2230 1030 2270 should
1057 2229 1158 2268 have
1185 2229 1287 2268 clone
1306 2241 1353 2267 as
1383 2228 1519 2267 Cicero
1546 2227 1720 2277 himself

322 2299 521 2338 olid—not
540 2298 630 2348 rely
650 2309 702 2336 on
720 2297 787 2336 his
798 2295 1038 2347 provincial
1056 2295 1303 2344 reputation,
1329 2293 1397 2332 but
1415 2292 1535 2332 make
1542 2291 1714 2343 friends

322 2369 366 2404 at
384 2366 522 2405 Rome.

134 2486 193 2531 63
300 2469 482 2515 XXVI.
529 2467 668 2514 Iubes
710 2466 951 2512 Plancium
991 2464 1048 2510 de
1088 2463 1220 2509 vitiis
1255 2460 1518 2509 Laterensis
1553 2459 1710 2507 dicere.
1733 2486 1776 2510 20
1845 2506 1846 2509 ,

217 2550 351 2596 Nihil
391 2553 558 2610 potest,
602 2549 692 2594 nisi
738 2563 844 2594 eum
883 2547 1021 2593 nimis
1059 2546 1107 2591 in
1147 2560 1196 2592 se
1237 2544 1508 2591 iracundum
1554 2543 1707 2589 fuisse.

218 2633 347 2679 Idem
392 2633 536 2679 ecfers
577 2631 876 2677 Laterensem
915 2627 1143 2675 laudibus
1217 2626 1371 2673 Facile
1395 2626 1546 2686 patior
1579 2625 1628 2671 id
1662 2627 1712 2673 tc

218 2729 351 2773 agere
374 2714 537 2760 multis
560 2713 727 2770 verbis,
748 2711 871 2772 quod
889 2710 949 2756 ad
976 2709 1198 2755 iudicium
1221 2723 1313 2754 non
1330 2708 1574 2766 pertineat,
1592 2709 1641 2752 et
1661 2707 1710 2752 id
