1846 2996
128 150 216 192 §13
500 148 608 189 PRO
639 148 727 190 GN.
763 148 1014 190 PLANCIO
1045 148 1257 190 ORATIO
1600 147 1623 189 7

127 281 336 341 exempla
350 282 584 329 revocabit
604 299 612 329 :
640 297 818 342 semper
832 298 880 329 se
904 283 1026 329 dicet
1044 282 1194 342 rogari
1212 281 1425 340 voluisse,
1448 294 1626 338 semper

127 364 215 411 sibi
238 363 513 423 supplicari:
551 379 597 411 se
634 364 699 411 M.
742 364 909 424 Seium,
938 365 1018 425 qui
1053 380 1110 412 ne
1145 368 1404 424 equestrem
1441 361 1626 421 quidem

127 445 414 506 splendorem
439 446 711 493 ineolumem
739 462 766 492 a
790 447 1054 494 calamitate
1079 447 1237 493 iudicii
1266 446 1463 492 retinere
1495 447 1627 503 potu-

126 527 239 574 isset
280 527 454 574 homini
495 528 779 575 nobilissimo
820 530 1196 576 innocentissimo
1234 526 1623 587 eloquentissimo,

85 635 103 664 5
127 609 192 657 M.
217 610 385 670 Pisoni,
408 610 707 670 praetulisse:
744 612 1058 671 praeposuisse
1081 627 1128 657 se
1154 611 1208 668 Q.
1238 609 1419 667 Catulo,
1447 622 1629 654 summa

126 692 173 738 in
214 692 391 738 familia
429 697 552 751 nato,
591 693 930 753 sapientissimo
972 698 1019 740 et
1060 693 1350 739 sanctissimo
1384 691 1497 749 viro,
1535 705 1627 736 non

126 774 228 820 dico
276 774 326 822 O.
373 775 633 833 Serranum,
678 776 1007 822 stultissimum
1048 773 1457 821 hominem—fuit
1504 773 1628 819 enim

126 860 283 903 tamen
324 857 667 904 nobilis—non
706 858 755 905 O.
805 858 1072 916 Fimbriam,
1112 872 1283 903 novum
1319 856 1628 902 hominem—
1675 904 1677 906 ,

125 938 217 984 fuit
258 939 381 985 enim
421 943 469 986 et
509 941 652 986 animi
693 941 807 986 satis
849 941 1005 999 magni
1052 944 1100 986 et
1148 937 1492 985 consilii—sed
1539 936 1623 984 Gn.

65 1048 103 1069 10
126 1020 368 1080 Manlium,
396 1037 487 1068 non
523 1022 672 1068 solum
708 1022 969 1081 ignobilem,
996 1037 1157 1068 verum
1185 1022 1284 1067 sine
1311 1021 1501 1078 virtute,
1530 1019 1627 1065 sine

125 1103 319 1162 ingenio,
342 1103 442 1150 vita
465 1104 607 1150 etiam
633 1108 898 1163 contempta
917 1119 969 1150 ac
992 1103 1187 1151 sordida.
1267 1106 1278 1127 ‘
1292 1102 1629 1149 Desiderarunt
1653 1096 1710 1142 13

125 1184 203 1244 te,'
227 1185 389 1244 inquit,
424 1186 570 1232 ‘oculi
605 1187 709 1245 mei,
737 1202 842 1232 cum
874 1191 928 1232 tu
960 1201 1080 1232 esses
1117 1185 1323 1246 Cyrenis,
1396 1184 1475 1230 Me
1505 1183 1629 1230 enim

124 1281 264 1326 quam
310 1269 454 1314 socios
502 1273 585 1315 tua
625 1269 717 1315 frui
763 1269 940 1315 virtute
987 1268 1230 1326 malebam,
1276 1272 1336 1327 et,
1386 1282 1477 1326 quo
1523 1260 1630 1326 plus

124 1349 357 1407 intererat,
397 1366 449 1397 eo
489 1351 593 1410 plus
634 1352 793 1398 aberat
835 1367 863 1397 a
902 1366 988 1409 me,
1028 1366 1131 1397 cum
1174 1355 1221 1397 te
1262 1365 1355 1396 non
1395 1349 1624 1396 videbam.

65 1453 101 1482 15
124 1431 303 1478 Deinde
327 1433 562 1480 sitientem
587 1450 660 1480 me
683 1434 873 1480 virtutis
898 1438 1006 1479 tuae
1038 1433 1282 1479 deseruisti
1307 1447 1358 1478 ac
1383 1431 1625 1491 reliquisti.

126 1514 351 1574 Coeperas
387 1516 509 1561 enim
546 1521 700 1576 petere
737 1517 1031 1563 tribunatum
1067 1515 1215 1574 plebis
1247 1514 1531 1574 temporibus
1555 1514 1625 1572 iis,

125 1612 241 1656 quae
275 1598 414 1644 istam
450 1598 760 1657 eloquentiam
792 1602 840 1645 et
875 1599 1099 1644 virtutem
1130 1597 1452 1656 requirebant:
1490 1610 1629 1654 quam

123 1680 393 1739 petitionem
441 1696 544 1726 cum
592 1681 866 1740 reliquisses,
912 1680 952 1726 si
999 1679 1084 1725 hoc
1129 1679 1356 1737 indicasti,
1401 1681 1536 1723 tanta
1581 1678 1628 1723 in

125 1765 401 1820 tempestate
417 1766 463 1808 te
481 1763 736 1821 gubernare
752 1778 843 1809 non
862 1777 1006 1821 posse,
1026 1761 1082 1808 de
1098 1762 1273 1807 virtute
1292 1764 1375 1806 tua
1393 1759 1628 1806 dubitavi:

63 1866 103 1887 20
124 1844 163 1889 si
198 1843 331 1902 nolle,
358 1844 414 1891 de
450 1844 705 1891 voluntate.
781 1845 877 1902 Sin,
916 1844 1040 1903 quod
1075 1843 1222 1902 magis
1258 1841 1487 1901 intellego,
1515 1845 1630 1888 tem-

125 1928 310 1987 poribus
346 1931 392 1974 te
429 1928 531 1974 aliis
566 1928 824 1986 reservasti,
853 1942 935 1986 ego
970 1941 1078 1972 vero
1116 1925 1193 1983 te,'
1219 1925 1396 1984 inquiet
1433 1923 1630 1984 populus

126 2009 374 2069 Romanus,
406 2011 491 2056 ‘ad
527 2026 580 2056 ea
615 2015 824 2070 tempora
860 2009 1082 2066 revocavi,
1116 2007 1174 2053 ad
1210 2022 1327 2066 quae
1362 2010 1416 2053 tu
1451 2010 1497 2052 te
1533 2007 1630 2066 ipse

125 2107 340 2140 servaras„
434 2093 547 2139 Pete
587 2093 730 2152 igitur
771 2108 876 2138 eum
919 2092 1260 2150 magistratum,
1295 2090 1343 2134 in
1385 2104 1474 2148 quo
1514 2088 1630 2134 mihi

125 2188 316 2234 magnae
358 2175 556 2221 utilitati
598 2190 695 2221 esse
737 2175 912 2234 possis:
965 2173 1134 2220 aediles
1176 2172 1437 2231 quicunque
1478 2174 1626 2230 erunt,

64 2275 102 2307 25
124 2257 262 2303 iidem
303 2257 419 2303 mihi
460 2261 571 2304 sunt
612 2257 711 2303 ludi
753 2257 934 2316 parati:
983 2256 1159 2302 tribuni
1206 2255 1353 2314 plebis
1394 2254 1630 2313 permagni

124 2339 316 2385 interest
341 2340 419 2399 qui
444 2340 550 2386 sint.
626 2339 776 2396 Quare
795 2342 878 2385 aut
903 2338 1042 2385 redde
1061 2338 1177 2384 mihi
1201 2337 1322 2397 quod
1349 2337 1626 2394 ostenderas,

125 2424 207 2466 aut
231 2420 270 2466 si
294 2420 417 2480 quod
440 2436 542 2467 mea
559 2421 712 2467 minus
732 2421 937 2479 interest,
961 2419 1009 2466 id
1034 2423 1081 2466 te
1099 2420 1246 2478 magis
1271 2419 1388 2465 forte
1413 2419 1625 2478 delectat,

126 2501 313 2548 reddam
337 2502 424 2548 tibi
456 2503 595 2548 istam
621 2502 908 2548 aedilitatem
934 2502 1075 2548 etiam
1101 2501 1388 2560 negligenter
1422 2501 1627 2560 petenti:

58 2588 67 2595 '
125 2585 205 2630 sed
238 2584 542 2644 amplissimos
573 2584 767 2630 honores
792 2588 846 2630 ut
870 2599 950 2643 pro
975 2583 1204 2643 dignitate
1230 2587 1313 2629 tua
1337 2598 1625 2642 consequare,

64 2689 106 2720 30
127 2666 358 2712 condiscas
383 2681 542 2713 censeo
566 2666 680 2712 mihi
706 2666 841 2725 paulo
868 2666 1136 2725 diligentius
1160 2665 1447 2724 supplicare.'
