1846 2996
260 216 312 256 36
701 215 759 255 Μ.
794 214 964 256 TULLI
996 214 1298 256 CICERONIS
1663 219 1683 258 ἕ
1702 214 1754 256 70

258 347 441 406 possim,
489 362 571 393 nec
611 347 741 394 vides
782 347 977 394 istorum
1022 349 1226 408 ipsorum
1274 348 1467 394 caritate
1511 347 1572 394 ad
1618 347 1755 393 huius
1844 398 1846 405 ¹

257 429 456 475 salutem
492 429 827 476 defendendam
862 431 1060 477 maxime
1094 430 1325 477 stimulari
1359 445 1432 476 me
1466 434 1606 489 atque
1640 430 1756 476 exci-
1842 451 1846 455 ·

258 512 358 558 tari.
423 511 547 557 Nam
564 526 710 572 neque
727 513 820 558 illis
837 512 973 559 huius
991 512 1151 572 salute,
1171 528 1199 559 a
1215 528 1306 572 quo
1324 527 1470 559 meam
1490 512 1641 558 sciunt
1658 527 1756 558 esse
1843 516 1846 526 ‘

258 593 506 652 defensam,
535 594 789 653 quidquam
823 598 895 640 est
932 595 1149 654 optatius,
1189 599 1236 641 et
1272 609 1355 654 ego
1389 595 1486 654 ipse
1521 609 1756 653 nunquam
1842 599 1846 649 j

258 675 362 721 illos
402 675 615 735 adspicio,
655 677 780 735 quin,
819 692 923 722 cum
963 691 1043 736 per
1083 676 1207 723 hunc
1238 691 1312 722 me
1347 677 1403 722 iis
1437 681 1756 722 conservatum
1778 699 1798 730 5
1842 663 1846 703 Ῐ

259 773 356 804 esse
380 758 679 816 meminerim,
707 758 845 805 huius
868 759 1085 806 meritum
1110 760 1158 805 in
1181 774 1255 805 me
1278 759 1494 806 recorder.

344 840 582 900 Opimium
629 842 902 888 damnatum
950 857 1047 888 esse
1093 857 1432 901 commemoras,
1475 845 1755 888 servatorem

259 924 411 983 ipsum
454 924 519 969 rei
559 923 797 983 publicae:
848 923 1080 970 Calidium
1119 924 1347 983 adiungis,
1381 910 1517 970 ‘cuius
1556 923 1655 983 lege
1697 923 1750 980 Q.

261 1005 481 1052 Metellus
500 1006 548 1051 in
567 1007 804 1052 civitatem
823 1006 886 1052 sit
910 1006 1185 1059 restitutus:
1220 1005 1514 1065 reprehendis
1532 1021 1656 1052 meas
1673 1020 1756 1064 pro

261 1088 449 1135 Plancio
474 1104 641 1148 preces,
670 1089 792 1148 quod
817 1104 962 1148 neque
989 1088 1198 1147 Opimius
1223 1103 1305 1134 suo
1329 1088 1511 1133 nomine
1533 1087 1756 1134 liberatus
1780 1111 1795 1132 1

259 1171 321 1217 sit
369 1186 515 1230 neque
563 1171 745 1218 Metelli
789 1170 1007 1218 Calidius.
1081 1170 1263 1216 XXIX.
1322 1171 1395 1217 De
1443 1170 1622 1217 Calidio
1667 1170 1756 1216 tibi

260 1257 446 1300 tantum
486 1254 747 1313 respondeo,
783 1253 907 1313 quod
944 1254 1042 1312 ipse
1079 1253 1208 1300 vidi:
1246 1252 1299 1309 Q.
1337 1252 1581 1299 Metellum
1619 1253 1755 1298 Pium

260 1335 493 1382 consulem
530 1336 770 1395 praetoriis
811 1336 1009 1382 comitiis
1050 1339 1238 1394 petente
1278 1335 1331 1391 Q.
1375 1335 1553 1382 Calidio
1587 1335 1755 1394 populo

262 1418 470 1465 Romano
494 1418 786 1482 supplicasse,
814 1434 918 1464 cum
942 1418 1128 1477 quidem
1152 1433 1243 1463 non
1267 1417 1502 1464 dubitaret
1526 1421 1574 1464 et
1598 1417 1755 1464 consul

261 1505 308 1548 et
361 1501 496 1547 homo
544 1501 857 1548 nobilissimus
907 1505 1154 1560 patronum
1200 1515 1297 1546 esse
1349 1499 1481 1546 illum
1526 1515 1662 1546 suum
1707 1504 1756 1546 et
1779 1522 1795 1543 1

182 1589 239 1635 70
261 1583 461 1630 familiae
509 1583 819 1629 nobilissimae
867 1583 1026 1629 dicere.
1101 1582 1201 1639 Quo
1241 1582 1340 1628 loco
1380 1598 1548 1641 quaero
1589 1598 1646 1629 ex
1691 1586 1751 1640 te,

261 1681 372 1711 num
396 1666 444 1711 id
468 1665 516 1711 in
541 1665 707 1711 iudicio
733 1665 902 1711 Calidii
925 1669 1074 1724 putes,
1097 1665 1219 1724 quod
1244 1680 1326 1723 ego
1350 1665 1398 1710 in
1423 1664 1598 1710 Plancii
1622 1664 1751 1722 facio,

261 1751 343 1793 aut
369 1747 614 1794 Metellum
638 1747 788 1805 Pium,
816 1748 855 1793 si
883 1747 1057 1793 Romae
1082 1762 1179 1793 esse
1203 1747 1442 1806 potuisset,
1471 1751 1553 1792 aut
1576 1750 1755 1806 patrem

261 1831 371 1888 eius,
422 1831 461 1875 si
507 1830 713 1888 vixisset,
764 1845 855 1875 non
901 1830 1042 1875 fuisse
1094 1829 1338 1876 facturum.
1412 1829 1536 1875 Nam
1583 1829 1755 1888 Opimii

261 1912 447 1971 quidem
486 1911 723 1958 calamitas
762 1912 942 1957 utinam
981 1927 1037 1957 ex
1074 1911 1312 1957 hominum
1348 1911 1566 1956 memoria
1602 1914 1755 1970 posset

262 1994 396 2040 evelli
416 1996 424 2041 Ξ
495 1994 677 2040 Vulnus
702 1993 818 2039 illud
841 1994 907 2039 rei
929 1993 1151 2052 publicae,
1179 1992 1375 2038 dedecus
1399 1992 1536 2038 huius
1558 1992 1751 2051 imperii,

261 2076 501 2136 turpitudo
539 2076 696 2135 populi
735 2075 945 2134 Romani,
986 2090 1077 2120 non
1115 2074 1336 2120 iudicium
1372 2074 1630 2133 putandum
1666 2077 1750 2121 est.

264 2158 413 2214 Quam
454 2158 576 2204 enim
622 2157 691 2202 illi
738 2157 923 2216 iudices,
969 2158 1009 2202 si
1055 2157 1228 2202 iudices
1274 2160 1322 2202 et
1368 2171 1459 2202 non
1504 2155 1754 2215 parricidae

261 2241 436 2299 patriae
460 2238 725 2286 nominandi
749 2244 871 2298 sunt,
899 2239 1155 2298 graviorem
1178 2242 1428 2298 potuerunt
1458 2239 1524 2285 rei
1547 2238 1755 2298 publicae

261 2322 465 2382 infligere
502 2321 712 2377 securim,
746 2336 885 2379 quam
924 2336 1028 2366 cum
1067 2320 1200 2366 illum
1231 2335 1256 2366 e
1289 2321 1478 2367 civitate
1508 2320 1751 2377 eiecerunt,

261 2405 340 2463 qui
363 2407 546 2464 praetor
569 2403 780 2460 finitimo,
809 2402 966 2449 consul
989 2402 1238 2449 domestico
1261 2402 1382 2449 bello
1405 2418 1500 2449 rem
1524 2401 1754 2461 publicam
1787 2428 1790 2429 ν

181 2487 236 2534 71
260 2485 509 2532 liberarat‘l
577 2484 645 2530 At
702 2485 824 2530 enim
875 2485 1013 2530 nimis
1070 2500 1153 2543 ego
1209 2500 1428 2543 magnum
1485 2483 1753 2530 beneficium

263 2568 441 2614 Plancii
476 2567 593 2613 facio
627 2571 687 2626 et,
723 2570 778 2612 ut
813 2566 893 2624 ais,
925 2565 974 2612 id
1008 2566 1161 2612 verbis
1195 2581 1446 2626 exaggero3
1482 2566 1613 2625 quasi
1646 2580 1754 2611 vero

262 2666 334 2696 me
381 2654 462 2696 tuo
509 2650 738 2696 arbitratu
779 2652 826 2694 et
871 2663 963 2694 non
1009 2663 1109 2694 meo
1154 2652 1338 2707 gratum
1384 2663 1483 2695 esse
1529 2650 1748 2707 oporteat.

265 2736 276 2758 ‘
293 2732 426 2789 Quod
445 2733 579 2778 istius
598 2735 784 2778 tantum
802 2731 1019 2777 meritum
1035 2730 1051 2777 2
1066 2731 1077 2752 ’
1108 2731 1274 2790 inquit.
1351 2733 1362 2755 ‘
1378 2730 1452 2776 An
1472 2731 1580 2790 quia
1596 2733 1643 2776 te
1661 2744 1751 2775 non
