1846 2996
96 160 115 199 ἐ
135 159 186 197 62
467 155 574 196 PRO
606 154 695 196 GN.
731 154 979 196 PLANCIO
1010 154 1222 195 ORATIO
1547 156 1595 194 31

99 289 347 335 Calatino?
399 290 502 348 quis
544 288 627 335 On.
668 292 715 335 et
752 288 801 334 P.
845 287 1166 347 Scipionibusl
1219 288 1322 347 quis
1363 287 1594 345 Africano,

97 370 332 428 Marcello,
350 370 588 417 Maximo'l
624 374 780 417 tamen
795 370 978 416 eosdem
997 385 1156 416 sumus
1180 369 1405 416 honorum
1428 369 1599 428 gradus

97 468 210 513 quos
225 452 295 499 illi
309 453 527 500 adsecuti.
585 453 775 500 Etenim
794 453 841 498 in
861 453 1035 499 virtute
1053 452 1192 498 multi
1207 455 1317 498 sunt
1335 452 1594 510 adscensus,

97 539 151 582 ut
202 536 241 581 is
294 537 493 582 maxime
545 534 691 595 gloria
740 534 946 593 excellat,
999 536 1078 594 qui
1125 536 1302 581 virtute
1348 533 1598 594 plurimum

55 642 73 673 5
96 621 332 677 praestet:
387 618 611 664 honorum
653 617 811 677 populi
857 617 962 663 finis
1000 621 1071 664 est
1113 616 1406 664 consulatus:
1462 631 1598 676 quem

96 699 423 758 magistratum
451 699 543 746 iam
573 699 829 758 octingenti
857 699 950 746 fere
983 699 1215 746 consecuti
1243 703 1382 746 sunt:
1420 698 1596 758 horum,

97 781 134 827 si
161 781 406 841 diligenter
435 796 637 841 quaeres,
663 782 744 827 vix
774 781 999 827 decimam
1023 785 1203 841 partem
1235 782 1431 841 reperies
1455 781 1600 840 gloria

98 862 299 922 dignam.
374 862 465 910 Sed
500 878 634 909 nemo
669 878 875 922 unquam
911 863 975 909 sic
1011 863 1117 923 egit,
1147 867 1201 909 ut
1230 867 1312 910 tu:
1353 862 1476 909 ‘Gur
1510 863 1600 909 iste
1676 895 1678 898 .

97 944 152 990 fit
199 943 389 992 consul?
439 945 551 1004 quid
598 945 753 1004 potuit
800 945 1013 1004 amplius,
1059 945 1099 991 si
1141 945 1191 992 L.
1240 946 1414 991 Brutus
1462 949 1596 1003 esset,

37 1057 74 1077 10
95 1027 177 1086 qui
210 1027 449 1073 civitatem
485 1027 726 1073 dominatu
753 1027 878 1086 regio
913 1027 1188 1074 liberavit‘l'
1259 1028 1448 1074 Honore
1483 1027 1602 1073 nihil

96 1109 308 1168 amplius,
335 1109 470 1155 laude
495 1109 707 1155 multum.
777 1109 853 1156 Sic
876 1109 1019 1169 igitur
1043 1109 1260 1156 Plancius
1285 1109 1429 1156 nihilo
1448 1110 1600 1156 minus

98 1194 311 1250 quaestor
335 1195 406 1237 est
438 1191 590 1237 factus
614 1195 661 1237 et
690 1191 906 1238 tribunus
938 1191 1087 1250 plebis
1115 1196 1163 1238 et
1190 1191 1364 1251 aedilis,
1393 1207 1532 1251 quam
1561 1193 1601 1238 si

97 1276 217 1319 esset
257 1287 438 1319 summo
478 1273 576 1319 loco
617 1277 770 1333 natus,
808 1273 889 1320 sed
929 1273 1041 1320 haec
1081 1274 1181 1333 pari
1221 1273 1319 1320 loco
1361 1274 1451 1319 orti
1491 1277 1600 1320 sunt

97 1355 453 1402 innumerabiles
477 1355 557 1401 alii
581 1356 822 1403 consecuti.

96 1470 118 1517 ἓ
139 1469 201 1508 61.
234 1468 293 1519 (2)
318 1469 486 1508 Cassius
506 1469 582 1508 has
600 1469 858 1520 complained
877 1470 966 1509 that
984 1469 1196 1510 Plancius’
1217 1470 1414 1521 ‘military
1428 1471 1599 1521 exploits

205 1547 276 1574 are
294 1535 432 1574 small.
1428 1554 1431 1556 μ

35 1643 72 1674 15
181 1612 365 1658 Profers
394 1612 653 1672 triumphos
694 1613 743 1659 Τ.
780 1613 912 1659 Didii
954 1617 1000 1660 et
1038 1613 1087 1660 O.
1126 1614 1280 1673 Marii,
1315 1617 1364 1660 et
1400 1614 1592 1674 quaeris,
1622 1621 1677 1667 61

97 1693 208 1753 quid
255 1693 405 1741 simile
452 1695 501 1740 in
543 1694 745 1742 PlanciO.
837 1695 980 1752 Quasi
1016 1710 1123 1741 vero
1164 1696 1257 1754 isti,
1309 1711 1422 1755 quos
1480 1711 1598 1742 com-

96 1792 333 1835 memoras,
370 1781 612 1836 propterea
660 1778 962 1837 magistratus
1009 1778 1224 1837 ceperint,
1264 1777 1388 1837 quod
1437 1777 1597 1824 trium-

96 1858 296 1917 pharint,
336 1862 383 1904 et
419 1874 522 1918 non,
552 1859 660 1918 quia
692 1860 923 1906 commissi
958 1864 1068 1905 sunt
1102 1861 1160 1906 iis
1194 1860 1508 1919 magistratus,
1549 1860 1597 1905 in

96 1940 263 1999 quibus
309 1956 358 1987 re
405 1940 521 1987 bene
567 1945 699 2000 gesta
746 1942 1103 2001 triumpharent,
1148 1946 1390 2002 propterea
1437 1942 1597 1987 trium-

35 2050 75 2072 20
97 2022 299 2082 pharint.
386 2023 539 2082 Rogas
577 2039 694 2082 quae
733 2028 884 2070 castra
912 2024 1082 2070 viderit
1099 2042 1113 2084 3
1166 2025 1246 2083 qui
1288 2028 1334 2070 et
1376 2023 1508 2070 miles
1548 2024 1597 2070 in

99 2103 238 2151 Creta
273 2105 359 2151 hoc
393 2106 666 2164 imperatore
700 2109 747 2152 et
772 2106 989 2152 tribunus
1018 2106 1222 2152 militum
1252 2107 1300 2152 in
1326 2105 1597 2152 Macedonia

97 2186 237 2232 fuerit
269 2190 316 2233 et
345 2191 560 2246 quaestor
593 2191 779 2234 tantum
804 2203 861 2234 ex
892 2203 940 2234 re
975 2187 1169 2234 militari
1204 2188 1456 2234 detraxerit
1484 2191 1597 2234 tem-

67 2302 71 2305 >
97 2269 232 2327 poris,
261 2273 488 2328 quantum
512 2270 560 2315 in
586 2284 658 2316 me
684 2269 1035 2316 custodiendum
1059 2270 1307 2316 transferre
1331 2269 1558 2316 maluerit.

97 2389 118 2436 ἕ
139 2389 202 2428 62.
241 2389 375 2428 Cicero
394 2389 542 2439 replices
570 2393 607 2428 to
640 2387 817 2429 Oassius’
841 2389 1032 2439 objection
1052 2389 1110 2440 (3)
1132 2389 1220 2429 that
1249 2390 1451 2429 Plancius
1478 2389 1598 2429 could

206 2457 275 2493 not
307 2454 416 2493 show
448 2466 534 2504 any
562 2455 815 2506 superiority
847 2467 938 2494 over
972 2455 1206 2494 Laterensis
1233 2455 1283 2495 in
1314 2455 1519 2506 eloquence
1552 2467 1598 2494 or

198 2517 224 2567 j
229 2518 528 2568 arisprudence.

185 2595 389 2653 Quaeris,
412 2610 523 2641 num
548 2595 748 2642 disertus
771 2596 866 2642 sit‘l
935 2596 1098 2655 Immo,
1127 2597 1174 2642 id
1200 2597 1322 2655 quod
1346 2597 1595 2643 secundum
1619 2607 1676 2653 62

42 2701 81 2731 25
100 2681 182 2735 est,
224 2692 279 2722 ne
321 2677 410 2723 sibi
458 2677 643 2736 quidem
692 2678 890 2724 videtur.
1002 2678 1131 2724 Num
1173 2680 1285 2725 iuris
1327 2679 1596 2725 consultus?
