1846 2996
215 225 271 264 22
659 224 716 264 M.
750 223 920 264 TULLI
953 223 1257 265 CICERONIS
1619 227 1639 266 ξ
1659 225 1708 265 45

215 356 411 403 edideris
431 374 441 404 ε
477 357 558 402 sed
582 371 610 402 a
633 361 680 403 te
710 355 848 402 doceo
872 355 1110 402 consilium
1134 371 1224 402 non
1249 360 1483 402 servatum
1506 359 1704 403 senatus

216 439 403 485 Etenim
444 440 547 499 quis
583 443 630 485 te
666 443 767 484 tum
803 438 983 484 audiret
1018 438 1204 484 illorum
1238 443 1322 485 aut
1362 438 1474 498 quid
1509 438 1711 485 diceres?

216 521 567 581 Sequestremne
604 521 878 568 Plancium?
923 525 1190 580 respuerent
1225 535 1370 579 aures,
1409 535 1542 566 nemo
1576 535 1710 580 agno-

215 608 373 651 sceret.
449 603 526 649 An
561 603 849 662 gratiosum?
900 602 970 648 illi
1004 603 1206 649 libenter
1239 602 1464 670 audirent,
1503 618 1585 648 nos
1620 617 1711 649 non

215 685 377 732 timide
435 685 766 732 confiteremur.
862 685 974 731 Noli
1030 685 1152 731 enim
1210 689 1385 744 putare,
1433 684 1708 742 LaterensiS‚
1734 704 1753 734 5

214 768 393 827 legibus
429 768 544 826 istis,
573 782 687 827 quas
723 771 911 813 senatus
945 766 1002 813 de
1030 767 1212 813 ambitu
1235 767 1400 812 sanciri
1428 766 1637 825 voluerit,
1663 766 1714 812 id

214 865 311 897 esse
339 853 509 909 actum,
537 853 592 895 ut
627 850 908 908 suffragatio,
934 853 990 895 ut
1025 849 1331 905 observantia,
1355 852 1411 895 ut
1444 849 1596 908 gratia
1629 847 1714 894 tol-

213 932 397 979 leretur.
480 930 669 990 Semper
708 931 898 977 fuerunt
938 931 1026 977 viri
1067 931 1191 988 boni,
1237 931 1316 990 qui
1357 930 1479 990 apud
1521 930 1714 976 tribules

132 1016 190 1062 45
214 1029 320 1061 suos
359 1014 551 1073 gratiosi
591 1028 688 1060 esse
728 1013 915 1060 vellent.
990 1013 1154 1072 Neque
1195 1028 1304 1059 vero
1345 1017 1443 1059 tam
1483 1012 1626 1058 durus
1665 1013 1714 1058 in

214 1097 395 1156 plebem
418 1100 575 1142 noster
599 1096 709 1142 ordo
727 1096 830 1155 fuit,
853 1099 909 1141 ut
934 1110 1035 1141 eam
1060 1094 1149 1141 coli
1173 1099 1332 1140 nostra
1354 1094 1534 1141 modica
1551 1094 1714 1141 libera·
1739 1117 1778 1137 ιο

214 1179 348 1225 litate
382 1178 611 1226 noluerit:
647 1193 795 1237 neque
828 1177 914 1223 hoc
945 1177 1104 1223 liberis
1140 1178 1313 1223 nostris
1348 1177 1715 1224 interdicendum

214 1265 297 1319 est,
326 1276 383 1307 ne
415 1261 660 1307 observent
695 1259 892 1307 tribules
928 1275 1046 1319 SUOS,
1075 1275 1133 1306 ne
1169 1260 1380 1319 diligant,
1408 1275 1466 1306 ne
1498 1260 1714 1306 conficere

214 1343 480 1390 necessariis
503 1344 598 1389 suis
622 1358 754 1389 suam
779 1342 954 1388 tribum
978 1342 1170 1401 possint,
1197 1357 1255 1388 ne
1278 1357 1362 1401 par
1385 1342 1444 1388 ab
1466 1342 1524 1387 iis
1547 1357 1714 1388 munus

213 1426 263 1472 in
309 1441 392 1472 sua
438 1426 660 1485 petitione
708 1429 989 1485 exspectent.
1081 1424 1211 1470 Haec
1253 1425 1377 1470 enim
1422 1424 1560 1483 plena
1604 1428 1714 1471 sunt

214 1509 361 1567 officii,
389 1509 526 1568 plena
550 1509 881 1566 observantiae,
904 1507 1040 1567 plena
1064 1508 1206 1553 etiam
1230 1507 1540 1566 antiquitatis.
1614 1507 1714 1553 Isto
1740 1527 1777 1556 15

213 1591 262 1637 in
286 1606 449 1650 genere
473 1595 520 1637 et
544 1590 716 1636 fuimus
746 1591 847 1649 ipsi,
877 1605 982 1635 cum
1006 1589 1273 1635 ambitionis
1297 1592 1480 1634 nostrae
1507 1591 1715 1647 tempora

214 1673 527 1733 postulabant,
566 1676 615 1719 et
655 1671 931 1718 clarissimos
966 1672 1090 1718 viros
1126 1686 1223 1717 esse
1258 1671 1461 1717 vidimus
1496 1674 1543 1716 et
1578 1670 1713 1716 hodie

214 1771 311 1802 esse
366 1755 578 1801 volumus
635 1769 774 1814 quam
833 1754 1056 1813 plurimos
1113 1754 1351 1813 gratiosos.
1446 1752 1713 1798 Decuriatio

214 1838 469 1897 tribulium,
498 1838 735 1897 discriptio
770 1836 941 1897 populi,
970 1836 1189 1895 suffragia
1222 1835 1465 1894 largitione
1500 1834 1715 1880 devincta

213 1922 508 1967 severitatem
532 1923 719 1966 senatus
746 1923 793 1966 et
817 1919 1040 1965 bonorum
1066 1919 1271 1964 omnium
1294 1918 1411 1963 iram
1435 1932 1488 1962 ac
1511 1916 1713 1962 dolorem
1736 1938 1777 1959 20

213 2003 488 2050 excitarunt.
563 2001 692 2048 Haec
727 2001 850 2059 doce,
879 2001 990 2047 haec
1013 2001 1177 2060 profer,
1205 1999 1294 2045 huc
1326 1999 1550 2056 incumbe,
1579 1998 1713 2044 Late-

213 2085 370 2142 rensis,
431 2084 688 2131 decuriasse
738 2083 994 2140 Plancium,
1047 2081 1378 2140 conscripsisse,
1429 2084 1712 2140 sequestrem

213 2167 367 2225 fuisse,
395 2167 729 2226 pronuntiasse,
758 2165 998 2211 divisisse:
1036 2168 1138 2210 tum
1173 2164 1373 2209 mirabor
1406 2167 1454 2209 te
1485 2163 1542 2208 iis
1573 2163 1712 2208 armis

214 2250 299 2308 uti,
348 2264 465 2308 quae
511 2248 599 2295 tibi
645 2248 720 2294 lex
766 2248 922 2306 dabat,
973 2246 1185 2293 noluisse.
1277 2245 1544 2291 Tribulibus
1589 2245 1710 2290 enim

214 2331 442 2377 iudicibus
490 2346 581 2376 non
622 2330 757 2376 modo
798 2329 1091 2376 severitatem
1138 2327 1336 2386 illorum,
1382 2328 1421 2373 si
1467 2327 1559 2372 ista
1603 2341 1712 2372 vera
1735 2347 1773 2378 25

133 2419 192 2464 46
214 2417 336 2472 sunt,
376 2413 455 2459 sed
490 2428 547 2459 ne
583 2412 743 2459 vultus
785 2411 972 2471 quidem
1007 2410 1124 2456 ferre
1158 2424 1408 2469 possemus.
1481 2409 1617 2454 Hanc
1657 2412 1710 2454 tu

214 2494 439 2540 rationem
463 2509 568 2540 cum
591 2493 764 2552 fugeris
789 2507 982 2551 cumque
1008 2506 1084 2537 eos
1107 2491 1280 2537 iudices
1304 2490 1471 2536 habere
1494 2490 1706 2547 nolueris,

215 2590 409 2634 quorum
449 2576 498 2620 in
539 2575 677 2620 huius
723 2574 891 2620 delicto
932 2588 1035 2619 cum
1076 2572 1268 2618 scientia
1309 2572 1563 2618 certissima
1608 2575 1709 2617 tum

217 2658 346 2703 dolor
378 2658 678 2717 gravissimus
703 2672 800 2702 esse
824 2655 1046 2713 debuerit,
1075 2654 1187 2713 quid
1215 2653 1338 2713 apud
1362 2654 1444 2700 hos
1469 2654 1602 2711 diceS,
1630 2654 1710 2712 qui

217 2739 298 2784 abs
333 2744 380 2785 te
416 2739 550 2785 taciti
585 2738 840 2797 requirunt,
879 2752 958 2782 cur
992 2736 1081 2782 sibi
1118 2735 1204 2782 hoc
1238 2736 1390 2783 oneris
1424 2735 1705 2794 imposueris,
1734 2759 1774 2788 30
