1846 2996
199 189 220 225 4
242 240 266 244 -,
641 185 699 224 M.
734 184 904 224 TULLI
937 184 1242 225 CICERONIS
1628 188 1647 226 5
1667 184 1689 225 7

196 317 452 377 recipienda
476 317 674 376 suspicio
706 319 805 363 est:
842 317 913 362 sin
946 316 1067 366 hunc
1095 316 1165 362 illi
1189 321 1429 375 antepono,
1458 320 1691 362 contume-

194 399 308 445 liosa
332 399 544 445 habenda
568 402 639 444 est
662 398 821 456 oratio,
844 402 891 444 et
916 398 1161 444 dicendum
1186 403 1257 444 est
1281 398 1341 456 id,
1371 398 1493 456 quod
1517 398 1595 444 1116
1620 413 1692 444 1116

194 482 390 541 flagitat,
415 481 711 527 Laterensem
744 495 771 525 a
807 480 995 526 Plancio
1031 480 1259 539 dignitate
1284 495 1381 526 esse
1410 484 1689 539 superatum.

196 563 273 609 Ita
297 568 378 609 aut
409 563 676 609 amicissimi
710 562 910 608 hominis
942 563 1225 608 existimatio
1250 562 1520 608 offendenda
1543 566 1627 620 est,
1655 563 1694 608 si

194 646 323 692 illam
347 646 649 691 accusationis
673 645 983 691 condicionem
1007 660 1184 705 sequar,
1213 649 1294 691 aut
1327 645 1498 704 optime
1534 644 1591 690 de
1621 659 1694 690 me
1718 668 1736 698 5

195 728 350 774 meriti
374 727 496 773 salus
522 727 781 773 deserenda.

282 810 373 856 III.
417 809 507 856 Sed
542 824 638 868 ego,
677 809 952 868 Laterensis,
990 823 1173 855 caecum
1208 823 1282 855 me
1317 812 1363 855 et
1398 808 1695 868 praecipitem

195 892 306 938 ferri
330 891 548 937 confitear
571 892 619 936 in
644 906 792 949 causa,
821 892 860 937 si
884 895 967 937 aut
992 894 1038 936 te
1062 906 1091 936 a
1123 890 1311 936 Plancio
1334 888 1417 936 aut
1441 905 1469 936 a
1492 894 1539 936 te
1563 889 1695 935 illum

196 974 424 1034 dignitate
456 974 659 1033 potuisse
691 973 897 1033 superari
930 972 1100 1018 dixero.
1175 972 1341 1031 Itaque
1377 971 1607 1017 discedam
1637 970 1695 1017 ab

197 1071 250 1103 ea
274 1056 577 1113 contentione,
605 1055 665 1101 ad
689 1070 827 1114 quam
852 1059 906 1100 tu
929 1069 1002 1100 me
1026 1069 1175 1113 vocas,
1198 1058 1245 1100 et
1268 1054 1451 1100 veniam
1469 1053 1527 1099 ad
1550 1052 1692 1110 illam,
1722 1081 1761 1101 10

147 1137 173 1194 7
197 1139 255 1184 ad
280 1153 419 1197 quam
443 1152 516 1183 me
541 1152 678 1183 causa
695 1138 795 1196 ipsa
813 1136 1012 1183 deducit.
1076 1135 1230 1192 Quid?
1264 1139 1318 1181 tu
1341 1136 1696 1193 magistratuum

197 1220 439 1279 dignitatis
474 1219 672 1265 iudicem
708 1223 845 1277 putas
880 1233 977 1264 esse
1018 1217 1272 1276 populum?
1341 1217 1554 1262 Fortasse
1589 1231 1696 1261 non-

198 1317 434 1361 nunquam
475 1305 558 1348 est.
650 1300 848 1346 Utinam
889 1315 997 1346 vero
1038 1314 1216 1358 semper
1256 1300 1406 1345 esset!
1495 1298 1586 1344 Sed
1626 1282 1698 1344 est

198 1399 392 1444 perraro,
420 1387 468 1430 et
503 1384 543 1429 si
578 1382 760 1443 quando
796 1386 879 1440 est,
908 1377 955 1427 in
991 1382 1046 1427 iis
1082 1381 1431 1440 magistratibus
1467 1386 1538 1427 est
1572 1395 1696 1426 man-

199 1466 375 1526 dandis,
434 1466 601 1525 quibus
659 1464 859 1511 salutem
916 1479 1047 1510 suam
1106 1463 1336 1509 committi
1392 1466 1528 1522 putat
1557 1481 1565 1509 :
1625 1462 1698 1508 his
1723 1483 1760 1513 15

199 1548 447 1594 levioribus
483 1547 679 1593 comitiis
721 1546 962 1605 diligentia
996 1549 1043 1591 et
1083 1545 1234 1603 gratia
1267 1544 1519 1604 petitorum
1554 1543 1698 1590 honos

199 1631 388 1689 paritur,
430 1645 521 1675 non
562 1629 618 1674 iis
660 1628 951 1686 ornamentiS,
999 1641 1115 1686 quae
1157 1641 1253 1672 esse
1293 1626 1342 1671 in
1384 1630 1431 1672 te
1470 1625 1694 1673 videmus,

201 1712 326 1758 Nam
344 1711 466 1771 quod
490 1711 549 1757 ad
573 1710 792 1770 populum
816 1710 1030 1769 pertinet,
1053 1723 1230 1767 semper
1248 1707 1490 1767 dignitatis
1514 1708 1698 1766 iniquus

200 1794 338 1840 iudex
372 1797 455 1852 est,
495 1793 575 1852 qui
609 1796 691 1838 aut
725 1791 903 1837 invidet
938 1795 1020 1837 aut
1062 1791 1218 1837 favet:
1261 1804 1541 1849 quamquam
1581 1788 1699 1834 nihil

201 1880 331 1936 potes
371 1876 419 1921 in
460 1879 520 1933 te,
560 1874 836 1932 Laterensis,
875 1873 1166 1931 constituere,
1207 1871 1328 1930 quod
1366 1872 1428 1917 sit
1463 1871 1698 1930 proprium
1722 1895 1764 1915 20

152 1947 178 2008 8
202 1958 351 2004 laudis
376 1961 495 2016 tuae,
524 1957 635 2016 quin
659 1956 708 2001 id
736 1956 824 2002 tibi
849 1956 910 2001 sit
939 1969 1178 2000 commune
1203 1969 1307 1999 cum
1332 1953 1532 1999 Plancio.
1607 1952 1698 1998 Sed

202 2040 287 2086 hoc
310 2043 463 2086 totum
488 2042 652 2098 agetur
674 2038 764 2083 alio
793 2037 919 2084 loco:
957 2052 1078 2082 nunc
1103 2040 1287 2082 tantum
1312 2035 1497 2094 disputo
1521 2034 1578 2080 de
1601 2035 1699 2080 iure

202 2121 370 2181 populi,
399 2121 478 2180 qui
514 2125 561 2166 et
596 2124 749 2179 potest
785 2123 831 2165 et
867 2118 983 2164 solet
1015 2132 1343 2176 nonnunquam
1379 2117 1540 2175 dignos
1575 2131 1699 2176 prae-

204 2205 351 2262 terire,
380 2218 462 2249 nec
486 2203 525 2248 si
549 2218 577 2248 a
599 2201 767 2261 populo
791 2201 1066 2260 praeteritus
1091 2203 1174 2257 est,
1202 2214 1338 2258 quem
1361 2214 1453 2244 non
1478 2199 1695 2257 oportuit,

204 2302 231 2331 a
265 2285 492 2331 iudicibus
527 2283 896 2330 condemnandus
933 2286 1016 2338 est,
1053 2282 1132 2340 qui
1172 2281 1447 2340 praeteritus
1483 2296 1574 2326 non
1612 2284 1694 2326 est.
1723 2305 1762 2334 25

206 2368 330 2414 Nam
376 2367 415 2413 si
461 2367 529 2411 ita
574 2369 706 2423 esset,
749 2365 871 2423 quod
917 2368 1071 2423 patres
1118 2362 1240 2421 apud
1286 2363 1479 2408 maiores
1519 2366 1699 2407 nostros

206 2455 360 2495 tenere
383 2464 474 2494 non
498 2451 762 2507 potuerunt,
784 2450 838 2492 ut
856 2439 1198 2504 reprehensores
1223 2447 1375 2490 essent
1393 2444 1699 2500 comitiorum,

206 2531 253 2576 id
288 2531 510 2576 haberent
544 2529 728 2586 iudices,
767 2527 841 2573 vel
876 2526 998 2585 quod
1033 2525 1181 2571 multo
1216 2526 1356 2571 etiam
1392 2526 1544 2570 minus
1579 2529 1699 2570 esset

207 2613 455 2659 ferendum.
530 2611 649 2656 Tum
684 2611 806 2655 enim
840 2609 1164 2667 magistratum
1196 2622 1286 2653 non
1321 2607 1510 2666 gerebat
1540 2607 1592 2664 18,
1621 2607 1700 2665 qui

208 2698 400 2752 ceperat,
425 2694 464 2738 si
500 2698 653 2751 patres
689 2696 896 2737 auctores
928 2706 1018 2736 non
1051 2694 1182 2736 erant
1216 2690 1354 2735 facti:
1393 2704 1515 2734 nunc
1545 2692 1699 2747 postu·
1725 2716 1765 2744 30
