1846 2996
195 184 261 244 2·ν
644 179 701 220 Μ.
736 179 906 220 TULLI
938 179 1241 220 CICERONIS
1624 183 1643 221 ἕ
1667 181 1690 218 3

196 318 399 360 mentem
417 328 581 371 meam,
600 328 704 359 cum
723 313 905 359 intueor
923 317 970 364 et
994 312 1277 372 contemplor
1298 328 1442 358 unum
1468 327 1693 372 quemque

195 400 415 443 vestrum.
490 395 638 441 Video
662 396 785 441 enim
820 395 905 441 hoc
936 395 983 440 in
1015 410 1204 441 numero
1228 395 1469 453 neminem,
1498 396 1570 440 cui
1594 409 1696 440 mea

196 478 320 523 salus
355 493 448 523 non
484 492 589 522 cara
622 476 776 536 fuerit,
805 477 933 522 cuius
968 492 1060 522 non
1096 481 1247 522 exstet
1280 477 1328 522 in
1359 491 1433 523 me
1464 492 1694 522 summum

198 560 429 618 meritum,
458 559 532 604 cui
555 573 647 604 non
670 559 758 604 sim
783 559 1033 605 obstrictus
1055 560 1276 605 memoria
1304 558 1511 604 beneficii
1535 559 1695 618 sempi-

199 645 342 687 terna.
417 640 583 699 Itaque
618 655 710 686 non
746 640 1005 699 extimescO,
1045 655 1102 686 110
1144 640 1225 686 On.
1268 640 1456 686 Plancio
1490 640 1699 686 custodia

199 738 327 769 meae
351 722 516 768 salutis
547 722 672 781 apud
707 737 783 768 eos
816 722 949 781 obsit,
979 724 1058 781 qui
1082 737 1155 768 me
1179 722 1268 781 ipsi
1296 722 1495 768 maxime
1518 722 1699 768 salvum

199 804 354 850 videre
412 803 672 861 voluerunt,
725 804 1010 863 saepiusque,
1057 804 1243 862 iudices,
1294 803 1408 849 mihi
1465 804 1594 850 venit
1652 804 1700 849 in

201 890 404 932 mentem
462 885 784 931 admirandum
842 901 939 932 esse
998 886 1063 934 Μ.
1113 884 1423 943 Laterensem,
1469 885 1701 932 hominem

201 967 590 1013 studiosissimum
626 971 674 1013 et
709 967 952 1026 dignitatis
987 972 1034 1014 et
1069 968 1234 1014 salutis
1270 983 1410 1026 meae,
1450 982 1578 1014 reum
1613 968 1702 1014 sibi

202 1050 324 1095 hunc
357 1049 652 1108 potissimum
687 1049 919 1108 delegisse,
956 1064 1095 1108 quam
1131 1050 1443 1108 metuendum,
1479 1064 1536 1095 ne
1572 1050 1702 1096 vobis

149 1138 179 1184 3
201 1131 250 1177 id
282 1131 359 1177 ille
390 1146 559 1189 magna
581 1131 758 1176 ratione
792 1130 950 1177 fecisse
975 1131 1200 1178 videatur.
1275 1131 1566 1191 Quamquam
1589 1131 1704 1177 mihi

203 1229 295 1258 non
318 1228 448 1259 sumo
473 1217 659 1259 tantum
683 1227 830 1272 neque
855 1213 1035 1272 adrogo,
1057 1214 1242 1271 iudices,
1270 1217 1324 1259 ut
1350 1213 1433 1260 Gn.
1462 1213 1703 1259 Plancium

203 1295 298 1340 suis
345 1310 453 1354 erga
492 1309 565 1340 me
605 1295 783 1340 meritis
823 1295 1151 1354 impunitatem
1192 1299 1487 1341 consecutum
1527 1299 1698 1353 putem.

207 1377 312 1423 Nisi
368 1378 468 1423 eius
521 1377 864 1436 integerrimam
910 1378 1071 1434 vitam,
1119 1377 1483 1423 modestissimos
1540 1392 1700 1434 mores,

206 1474 434 1505 summam
491 1458 642 1515 fidem,
695 1459 1040 1518 continentiam,
1103 1459 1338 1518 pietatem,
1397 1459 1704 1504 innocentiam

206 1540 459 1599 ostendero,
486 1540 603 1585 nihil
628 1540 684 1586 de
708 1555 853 1600 poena
870 1541 1118 1588 recusabo:
1155 1541 1226 1587 sin
1245 1541 1398 1586 onmia
1420 1541 1706 1600 praestitero,

206 1637 325 1682 quae
359 1626 469 1668 sunt
510 1637 537 1668 a
577 1622 708 1668 bonis
743 1623 854 1668 viris
891 1623 1211 1682 exspectanda,
1248 1627 1418 1682 petam,
1456 1623 1641 1681 iudices,
1679 1638 1707 1668 a

207 1704 352 1763 vobis,
390 1708 446 1750 ut
481 1703 610 1750 cuius
644 1704 955 1750 misericordia
990 1704 1115 1750 salus
1150 1719 1252 1751 mea
1287 1704 1517 1751 custodita
1550 1705 1625 1762 sit,
1664 1704 1707 1750 ei

207 1801 290 1832 vos
335 1789 539 1832 vestram
597 1785 953 1832 misericordiam
1011 1802 1084 1833 me
1142 1787 1414 1846 deprecante
1471 1787 1703 1834 tribuatis

210 1867 438 1927 Equidem
473 1868 532 1914 ad
567 1868 765 1927 reliquos
800 1868 991 1927 labores,
1020 1884 1134 1928 quos
1166 1870 1214 1914 in
1246 1868 1332 1914 hac
1355 1884 1493 1914 causa
1515 1869 1708 1915 maiores

209 1950 407 2009 suscipio
442 1964 581 2009 quam
612 1950 661 1995 in
690 1951 866 2009 ceteris,
895 1951 1036 1996 etiam
1072 1950 1190 1996 hanc
1217 1950 1476 1996 molestiam
1500 1950 1704 2008 adsumo,

210 2031 332 2092 quod
379 2031 494 2077 mihi
535 2046 626 2077 non
667 2031 816 2078 solum
856 2047 938 2091 pro
980 2032 1063 2079 Gn.
1110 2032 1296 2078 Plancio
1335 2033 1580 2078 dicendum
1621 2035 1704 2090 est,

211 2114 339 2160 cuius
374 2128 456 2172 ego
491 2113 690 2159 salutem
725 2129 816 2159 non
851 2129 979 2159 secus
1015 2129 1067 2159 ac
1101 2128 1251 2160 meam
1287 2115 1406 2160 tueri
1441 2114 1596 2172 debe0,
1629 2113 1710 2159 sed

211 2195 353 2241 etiam
376 2210 458 2255 pro
481 2210 553 2241 me
579 2195 689 2254 ipso,
718 2195 775 2241 de
799 2211 889 2254 quo
913 2200 1198 2242 accusatores
1229 2195 1362 2255 plura
1392 2211 1536 2255 paene
1571 2210 1707 2254 quam

160 2281 190 2326 4
212 2277 268 2324 de
303 2292 351 2323 re
383 2292 548 2336 reoque
584 2277 813 2324 dixerunt.
887 2277 951 2324 ΙΙ.
993 2277 1296 2337 Quamquam,
1324 2278 1506 2336 iudices,
1535 2278 1575 2323 si
1598 2277 1710 2336 quid

213 2362 283 2404 est
307 2359 356 2404 in
380 2373 453 2404 me
484 2359 584 2417 ipso
608 2359 676 2404 ita
699 2358 1037 2418 reprehensum,
1065 2363 1119 2405 ut
1159 2360 1207 2405 id
1243 2360 1302 2406 ab
1336 2359 1422 2405 hoc
1453 2361 1711 2405 seiunctum

213 2441 288 2498 sit,
326 2455 418 2486 non
453 2455 526 2486 me
561 2440 609 2486 id
644 2455 918 2501 magnopere
952 2442 1227 2489 conturbat:
1270 2457 1360 2487 non
1395 2442 1518 2488 enim
1553 2442 1707 2498 timeo,

215 2537 284 2580 110,
312 2522 420 2580 quia
455 2537 637 2581 perraro
671 2522 792 2580 grati
828 2522 1034 2569 homines
1069 2524 1366 2582 reperiantur,
1399 2523 1577 2580 idcirco,
1606 2537 1710 2568 cum

215 2618 287 2648 me
318 2603 513 2648 nimium
548 2607 731 2662 gratum
767 2603 837 2649 illi
872 2619 968 2650 esse
1004 2605 1171 2664 dicant,
1201 2605 1247 2650 id
1271 2605 1386 2651 mihi
1417 2606 1710 2650 criminosum

216 2698 312 2730 0880
346 2685 502 2743 possit.
578 2684 705 2741 Quae
728 2700 836 2731 vero
871 2686 939 2732 ita
967 2691 1076 2732 sunt
1111 2687 1289 2745 agitata
1324 2687 1383 2734 ab
1418 2687 1522 2744 illis,
1551 2691 1604 2731 ut
1629 2690 1711 2731 aut

1727 1070 1766 1090 10

1731 1480 1768 1510 Ῐ5

1731 1894 1772 1914 20

1734 2296 1773 2326 25

1735 2709 1774 2740 30
