1846 2996
201 208 278 248 14-.
643 205 702 247 M.
735 204 907 246 TULLI
938 204 1243 246 CICERONIS
1606 208 1625 247 ἱ
1645 207 1694 246 27
1831 0 1846 255 1

199 340 483 399 reducerent,
506 339 799 395 conservarit,
822 338 982 383 honori
1001 336 1119 382 hanc
1143 337 1294 395 fidem,
1323 335 1694 394 misericordiam,

200 423 423 467 virtutem
446 422 589 467 fuisse
612 421 823 467 miraris‘l

120 507 176 553 27
286 502 371 550 XI.
413 502 545 548 Vitia
579 501 837 548 mehercule
874 500 956 547 On.
997 500 1176 547 Plancii
1212 515 1283 547 res
1318 515 1410 559 eae,
1438 500 1494 546 de
1531 500 1700 559 quibus

202 585 312 642 dixi,
335 588 488 643 tegere
512 587 776 643 potuerunt,
799 597 855 628 ne
881 587 934 628 tu
957 583 1005 628 in
1030 597 1084 628 ea
1101 583 1215 640 vita,
1233 583 1290 628 de
1308 598 1400 641 qua
1417 583 1510 627 iam
1533 581 1696 639 dicam,

204 671 274 712 tot
310 670 358 712 et
386 669 521 712 tanta
549 665 816 710 adiumenta
850 663 957 710 huic
991 664 1151 710 honori
1186 664 1329 710 fuisse
1359 665 1535 711 mirere.
1609 663 1701 708 Hic
1724 682 1742 713 ⁵

203 752 274 794 est
303 748 437 806 enim,
466 747 546 806 qui
582 746 954 792 adulescentulus
986 761 1090 792 cum
1114 746 1171 793 A.
1200 746 1434 805 Torquato
1468 745 1702 805 profectus

205 831 253 875 in
293 829 498 875 Africam
540 829 605 874 sic
639 828 699 874 ab
732 828 813 873 illo
848 827 1118 886 gravissimo
1152 832 1201 874 et
1234 828 1522 874 sanctissimo
1562 831 1702 886 atque

205 912 329 957 0111111
351 911 486 957 laude
511 914 558 957 et
587 910 756 956 honore
792 909 1064 968 dignissimo
1098 910 1198 955 viro
1233 899 1430 955 dilectus
1458 913 1540 967 est,
1568 913 1623 955 ut
1654 913 1703 955 et

206 994 494 1040 contubernii
551 992 841 1039 necessitudo
899 996 946 1038 et
1010 991 1317 1038 adulescentis
1375 991 1703 1037 modestissimi

206 1076 354 1135 pudor
398 1074 675 1134 postulabat.
765 1073 910 1132 Quod,
961 1074 1001 1119 si
1048 1073 1240 1132 adesset,
1291 1089 1382 1118 11011
1428 1074 1581 1118 minus
1626 1072 1704 1118 ille
1730 1094 1769 1114 10

208 1158 459 1204 declararet
498 1172 635 1216 quam
674 1156 748 1202 hic
786 1156 911 1201 illius
949 1155 1092 1202 frater
1126 1155 1348 1214 patruelis
1386 1159 1433 1201 et
1470 1171 1609 1214 socer,
1649 1155 1700 1201 Τ.

210 1241 482 1299 TorquatUS,
527 1239 652 1285 omni
692 1238 762 1284 illi
803 1241 852 1284 et
891 1238 1066 1283 virtute
1108 1241 1155 1283 et
1195 1237 1331 1283 laude
1377 1253 1472 1296 par,
1517 1237 1596 1296 qui
1634 1241 1705 1283 est

209 1324 395 1384 quidem
433 1338 536 1369 cum
584 1322 664 1368 illo
701 1322 916 1368 maximis
953 1321 1117 1367 vinclis
1158 1325 1206 1367 et
1251 1321 1611 1380 propinquitatis
1657 1324 1705 1366 et

210 1407 465 1453 adfinitatis
507 1406 788 1463 coniunctus,
831 1404 911 1450 sed
948 1404 1018 1450 ita
1058 1404 1237 1462 magnis
1279 1404 1459 1461 amoris,
1499 1407 1554 1449 ut
1600 1402 1706 1448 illae

210 1488 561 1535 necessitudinis
585 1502 746 1533 causae
769 1486 894 1533 leves
913 1501 1010 1532 esse
1033 1486 1291 1533 videantur.
1365 1485 1477 1531 Fuit
1500 1486 1549 1531 in
1568 1484 1708 1531 Creta
1732 1503 1769 1533 15
1840 1507 1846 1550 ς

211 1574 371 1630 postea
422 1568 762 1616 contubernalis
816 1568 1067 1626 Saturnini,
1117 1568 1362 1627 propinqui
1413 1567 1519 1627 sui3
1575 1566 1708 1612 miles

213 1653 349 1699 huius
382 1652 436 1709 Q.
464 1651 659 1710 Metelli,
689 1652 762 1696 0111
792 1666 897 1696 011111
924 1650 1067 1696 fuerit
1097 1650 1449 1709 probatissimus
1484 1649 1708 1707 hodieque

213 1736 288 1793 sit,
333 1734 547 1780 omnibus
588 1748 684 1779 esse
725 1748 773 1778 se
820 1732 1067 1792 probatum
1108 1732 1246 1778 debet
1292 1746 1483 1791 sperare.
1557 1731 1615 1776 In
1656 1747 1710 1778 ea

214 1816 449 1876 provincia
493 1815 673 1874 legatus
721 1814 812 1860 fuit
860 1813 911 1860 G.
964 1813 1195 1871 SacerdOS,
1246 1829 1338 1872 qua
1381 1814 1569 1871 virtute,
1619 1828 1711 1872 qua

215 1898 475 1945 constantia
514 1897 614 1944 vir!
664 1897 716 1942 L.
758 1896 960 1953 Flaccus,
1000 1896 1080 1954 qui
1120 1895 1274 1952 homo,
1318 1895 1398 1954 qui
1439 1895 1580 1942 civis!
1630 1896 1710 1954 qui
1734 1916 1774 1936 20

216 1980 398 2040 qualem
421 1979 543 2024 hunc
566 1982 733 2037 putent
765 1977 1046 2023 adsiduitate
1081 1977 1435 2035 testimonioque
1459 1976 1707 2023 declarant.

136 2062 193 2108 28
218 2062 274 2107 In
299 2061 572 2107 Macedonia
595 2061 808 2106 tribunus
832 2059 1035 2105 militum
1063 2059 1154 2104 fuit
1175 2076 1187 2118 3
1222 2059 1271 2103 in
1296 2058 1455 2104 eadem
1479 2058 1712 2117 provincia

218 2145 379 2199 postea
409 2143 636 2199 quaestor.
711 2139 919 2184 Primum
951 2137 1223 2183 Macedonia
1246 2137 1312 2182 sic
1334 2151 1439 2182 eum
1464 2136 1629 2194 diligit,
1658 2141 1712 2182 ut

219 2223 424 2268 indicant
458 2222 508 2267 hi
542 2222 770 2280 principes
805 2221 1050 2266 civitatum
1082 2234 1299 2279 suarum3
1335 2219 1414 2277 qui
1446 2233 1550 2264 cum
1585 2219 1713 2264 missi

221 2305 314 2350 sint
355 2304 413 2349 ob
453 2303 592 2349 aliam
633 2318 831 2359 causam,
867 2306 1023 2348 tamen
1060 2301 1198 2346 huius
1233 2301 1474 2359 repentino
1514 2299 1714 2359 periculo
1736 2318 1777 2350 25
1840 2346 1841 2349 ,

223 2386 436 2432 commoti
471 2385 578 2430 huic
613 2384 840 2442 adsident,
867 2399 948 2443 pro
974 2383 1059 2428 hoc
1089 2382 1312 2439 laborant,
1341 2382 1447 2427 huic
1471 2382 1510 2427 si
1533 2386 1714 2441 praesto

223 2468 406 2524 fuerint,
431 2468 608 2526 gratius
632 2481 680 2512 se
704 2465 975 2512 civitatibus
1009 2465 1104 2510 suis
1138 2465 1340 2510 facturos
1371 2467 1541 2523 putant
1577 2479 1714 2522 quam

224 2551 263 2595 si
307 2550 582 2607 legationem
625 2563 754 2594 suam
802 2552 848 2593 et
894 2546 1115 2592 mandata
1151 2546 1438 2592 confecerint.
1513 2545 1563 2592 L.
1609 2561 1716 2591 vero

224 2631 447 2690 Apuleius
477 2630 597 2675 hunc
622 2629 745 2675 tanti
779 2629 904 2686 facit,
931 2632 986 2674 ut
1018 2642 1188 2673 morem
1213 2627 1347 2672 illum
1371 2628 1608 2685 maiorum,
1638 2627 1716 2686 qui

223 2711 493 2769 praescribit
529 2712 576 2756 in
613 2714 855 2769 parentum
892 2709 989 2755 loco
1024 2708 1345 2768 quaestoribus
1369 2709 1463 2753 suis
1488 2712 1716 2766 praetores
1742 2730 1783 2759 30
1827 2703 1833 2726 ³
