1846 2996
208 205 267 246 6,,
650 205 706 245 Μ.
742 204 912 246 TULLI
944 204 1246 246 CICERONIS
1351 219 1354 222 ·
1609 208 1628 246 ξ
1648 206 1696 244 11

207 336 374 394 populi,
403 351 494 382 non
530 336 779 384 iudicium:
815 338 1052 384 eblandita
1085 338 1179 397 illa,
1206 354 1297 383 non
1332 337 1571 384 enucleata
1604 351 1702 383 esse

207 417 450 477 suffragia:
493 433 580 476 eos,
621 419 701 478 qui
747 420 1016 478 suffragium
1057 420 1221 477 ferant,
1260 419 1372 478 quid
1412 419 1574 478 cuique
1614 419 1704 478 ipsi

208 499 405 545 debeant
453 500 736 547 considerare
783 501 963 560 saepius
1018 517 1156 561 quam
1203 501 1316 560 quid
1362 501 1526 560 cuique
1577 516 1606 546 a
1655 515 1704 546 re

207 581 392 640 publica
426 582 660 629 debeatur.
736 583 817 629 Sin
853 587 1010 629 autem
1041 583 1188 629 mavis
1219 598 1316 629 esse
1352 582 1585 640 iudicium,
1613 597 1704 627 non

131 665 185 710 11
209 663 296 709 tibi
319 663 366 709 id
390 664 738 710 rescindendum
762 669 846 723 est,
874 665 955 710 sed
977 665 1228 712 ferendum.
1307 664 1457 710 ‘Male
1481 663 1706 709 iudicavit

209 745 568 805 populus.'—At
609 746 1059 792 iudicavit—‘Non
1101 746 1428 793 debuit.'--At
1468 745 1705 805 potuit.—

215 827 349 873 ‘Non
383 828 489 874 fero.
499 828 644 874 '—At
679 828 818 874 multi
859 828 1101 874 clarissimi
1133 832 1181 874 et
1218 827 1545 892 sapientissimi
1584 827 1707 872 cives

212 909 431 956 tulerunt.
506 909 591 956 Est
615 911 738 956 enim
774 910 885 956 haec
917 909 1119 956 condicio
1153 909 1401 955 liberorum
1436 908 1707 968 populorum

211 992 538 1051 praecipueque
575 992 712 1038 huius
746 992 965 1051 principis
1000 992 1158 1051 populi
1182 995 1230 1037 et
1261 992 1464 1036 omnium
1499 992 1708 1049 gentium

167 1138 170 1141 Δ
213 1075 387 1121 domini
405 1078 546 1134 atque
561 1075 762 1132 victoris,
781 1079 912 1134 posse
926 1074 1158 1133 suffragiis
1171 1073 1246 1120 vel
1261 1074 1368 1120 dare
1382 1074 1457 1120 vel
1471 1073 1709 1119 detrahere

214 1157 336 1217 quod
370 1157 485 1203 velit
520 1157 712 1216 cuique:
749 1161 958 1202 nostrum
994 1160 1065 1202 est
1100 1161 1269 1214 autem,
1296 1160 1519 1214 nostrum,
1547 1155 1627 1214 qui
1661 1155 1710 1200 in

213 1239 298 1286 hac
322 1243 598 1298 tempestate
630 1238 788 1298 populi
820 1238 1044 1284 iactemur
1067 1242 1116 1284 et
1138 1238 1368 1296 fluctibus,
1395 1238 1512 1284 ferre
1535 1237 1710 1283 modice

214 1321 372 1380 populi
395 1321 672 1378 voluntates,
699 1320 881 1366 allicere
905 1319 1089 1378 alienas,
1116 1320 1313 1366 retinere
1335 1323 1505 1379 partas,
1533 1318 1713 1378 placare

136 1399 191 1445 12
216 1403 454 1449 turbatas:
501 1402 694 1448 honores
735 1402 775 1447 si
815 1402 973 1460 magni
1013 1417 1104 1447 non
1144 1406 1373 1461 putemus,
1412 1416 1503 1447 non
1543 1401 1713 1446 servire

215 1485 382 1544 populo
402 1503 410 1532 :
446 1486 517 1530 sin
542 1500 618 1530 eos
642 1488 922 1544 expetamus,
951 1499 1043 1529 non
1066 1483 1307 1543 defetigari
1331 1482 1642 1543 supplicando,

217 1639 260 1686 ἐξ
293 1639 447 1677 12-13.
498 1637 579 1676 The
615 1637 797 1688 qrounds
840 1636 974 1676 which
1016 1635 1194 1675 induced
1231 1636 1294 1675 the
1324 1637 1465 1686 peopte
1501 1639 1540 1674 to
1583 1634 1714 1674 choose

325 1703 525 1742 Plancius
561 1702 701 1741 rather
731 1702 833 1741 than
864 1702 1099 1741 Laterensis
1131 1714 1202 1740 are
1238 1701 1360 1751 qiven
1396 1701 1445 1739 in
1481 1701 1589 1739 their
1625 1712 1715 1738 own

325 1768 467 1807 words.
525 1767 758 1806 Laterensis
787 1767 862 1805 has
889 1766 1019 1805 relied
1050 1770 1109 1805 too
1137 1766 1261 1804 much
1289 1779 1341 1805 on
1368 1766 1435 1804 his
1461 1765 1562 1815 hiqh
1588 1765 1709 1812 birth,

325 1834 412 1872 and
448 1837 517 1872 not
550 1833 768 1872 eanvassed
798 1833 847 1871 in
879 1845 907 1870 a
927 1844 1080 1882 proper
1112 1832 1236 1882 spirit
1249 1846 1266 1878 ,·
1299 1843 1511 1878 moreover,
1543 1830 1592 1868 he
1625 1830 1716 1879 kept

325 1911 448 1949 away
470 1899 590 1948 from
621 1899 746 1937 Rome
769 1897 862 1947 just
891 1900 934 1936 at
967 1896 1030 1936 the
1059 1897 1158 1936 time
1185 1895 1303 1935 when
1329 1895 1397 1934 his
1419 1907 1602 1946 presence
1630 1906 1717 1933 was

327 1967 429 2003 most
448 1976 666 2014 necessary.

304 2062 360 2109 V.
401 2062 547 2108 Venio
578 2062 670 2107 iam
696 2062 754 2108 ad
786 2063 930 2121 ipsius
953 2061 1110 2121 populi
1137 2064 1305 2120 parteS,
1331 2063 1386 2106 ut
1409 2059 1535 2105 illius
1559 2062 1718 2104 contra

221 2149 268 2191 te
303 2145 507 2190 oratione
544 2144 699 2203 potius
733 2159 872 2202 quam
907 2159 1011 2189 mea
1045 2143 1290 2202 disputem.
1365 2141 1456 2197 Qui
1490 2141 1530 2187 si
1564 2145 1718 2186 tecum

221 2226 542 2285 congrediatur
560 2229 607 2271 et
624 2226 664 2271 si
687 2241 780 2271 una
802 2225 928 2284 loqui
951 2240 1061 2271 voce
1085 2224 1242 2284 possit,
1265 2223 1375 2269 haec
1399 2223 1523 2268 dicat
1542 2240 1551 2268 :
1592 2225 1603 2246 ‘
1619 2221 1718 2280 Ego

222 2309 322 2366 tibi,
351 2308 624 2366 Laterensis,
654 2307 895 2352 Plancium
919 2321 1009 2352 non
1039 2305 1291 2364 anteposui,
1319 2303 1399 2350 sed
1431 2319 1534 2350 cum
1558 2302 1718 2349 essetis

223 2406 364 2449 aeque
399 2390 507 2436 boni
541 2390 642 2448 viri,
670 2405 824 2435 meum
859 2388 1130 2434 beneficium
1154 2387 1213 2432 ad
1242 2401 1347 2432 eum
1378 2386 1532 2445 potius
1557 2383 1716 2441 detuli,

224 2474 303 2532 qui
327 2489 354 2518 a
378 2487 449 2518 me
474 2471 783 2529 contenderat,
811 2485 949 2529 quam
981 2469 1040 2515 ad
1072 2484 1189 2526 eum,
1218 2468 1299 2527 qui
1330 2467 1445 2512 mihi
1468 2482 1559 2512 non
1583 2465 1721 2511 nimis

224 2555 448 2601 submisse
483 2552 793 2612 supplicarat.'
863 2550 1189 2610 Respondebis,
1223 2549 1368 2607 credo,
1401 2552 1447 2594 te
1482 2547 1722 2607 splendore

226 2640 272 2682 et
290 2639 525 2682 vetustate
542 2633 743 2679 familiae
762 2632 935 2678 fretum
952 2646 1044 2677 non
1062 2630 1195 2677 valde
1211 2629 1506 2676 ambiendum
1524 2631 1722 2687 putasse.

228 2718 295 2765 At
341 2732 449 2763 vero
495 2720 541 2762 te
582 2715 660 2761 ille
699 2714 760 2759 ad
800 2729 883 2759 sua
923 2713 1143 2758 instituta
1180 2725 1458 2769 suorumque
1498 2709 1723 2754 maiorum

1733 1092 1773 1113 10

1744 2399 1785 2420 20
1845 2406 1846 2409 ¹
